4626 5816
1161 359 1202 422 10

258 567 347 634 Idem
370 567 502 652 legimus
525 565 609 649 apud
630 564 795 630 Aelianum
818 564 896 644 VII,
921 566 969 631 10.
1012 565 1135 631 Εοιιειιι
1157 565 1260 651 capite
1288 564 1340 629 hic
1366 563 1463 630 tradit
1484 562 1649 649 Pyrrhum,
1675 585 1779 648 regem
1802 565 1901 649 Epiri,
1928 587 2037 632 canem
2059 569 2101 634 ad

260 693 371 756 corpus
400 669 516 735 domini
545 667 691 734 trucidati
720 667 880 732 sedentem
902 668 1065 750 invenisse,
1093 668 1250 733 hominem
1276 668 1490 752 sepeliendum
1512 669 1675 749 curavisse,
1706 689 1816 734 canem
1838 690 1944 734 secum
1966 669 2099 738 duxisse.

258 774 375 840 Postea
403 796 474 838 cum
496 771 635 856 Pyrrhus
658 772 817 856 quondam
845 771 958 837 milites
981 793 1053 837 suos
1075 773 1268 856 inspexisset,
1297 793 1408 838 canem
1430 772 1484 855 qui
1514 772 1638 838 adesset
1659 793 1713 838 eos
1742 773 1796 856 qni
1823 772 1983 838 dominum
2011 796 2101 840 suum

259 879 453 944 necavissent
479 878 561 941 inter
592 875 704 941 milites
733 877 922 960 cognovisse,
951 875 1106 941 liuentem
1129 897 1181 942 eos
1208 875 1410 957 ειιειτειιεεε,
1439 874 1480 940 ad
1502 875 1658 961 Pyrrhum
1685 897 1718 941 se
1745 875 1922 942 obvertisse.
1967 875 2041 961 Qua
2062 878 2101 944 de

256 1003 352 1048 causa
372 980 456 1046 hunc
483 979 692 1063 suspicantem
721 979 835 1044 milites
859 979 930 1044 illos
957 978 1075 1063 aliquid
1104 978 1220 1044 nefarie
1249 979 1447 1060 commisisse,
1477 999 1530 1044 eos
1558 978 1837 1063 comprehendisse,
1866 980 2101 1064 examinavisse,

256 1084 456 1150 homicidium
478 1082 634 1149 confessos
656 1081 807 1166 supplicio
830 1081 976 1148 affecisse.
1019 1081 1110 1148 Idem
1132 1082 1264 1148 refertur
1285 1105 1306 1147 a
1327 1081 1408 1147 Plnt
1433 1083 1481 1162 13,
1505 1083 1525 1146 8
1546 1104 1591 1166 sq.

409 1203 474 1269 Hic
503 1207 543 1286 §A
568 1203 694 1267 11-13
720 1203 859 1268 eiusdem
885 1225 954 1287 eap.
981 1224 1052 1269 cum
1079 1203 1212 1269 Aeliano
1237 1202 1314 1284 VII,
1344 1205 1384 1268 13
1413 1203 1610 1269 consentiens
1638 1203 1794 1284 describit,
1822 1204 1978 1288 quomodo
2007 1207 2101 1288 oanis

257 1309 381 1375 nomine
405 1306 579 1391 Oapparus,
601 1307 654 1390 qui
676 1305 807 1372 Athenis
828 1307 979 1391 templum
1002 1306 1137 1391 Asclepii
1159 1307 1366 1388 custodiverit,
1388 1305 1546 1372 hominem
1568 1307 1762 1391 sacrilegum,
1788 1307 1842 1390 qui
1864 1329 1913 1373 res
1934 1329 2038 1374 sacras
2061 1309 2101 1374 de

258 1412 374 1496 templo
397 1412 603 1495 surripuisset,
630 1410 712 1475 diem
735 1432 772 1475 ex
798 1409 848 1475 die
871 1417 1012 1476 secutum
1034 1432 1111 1493 esse,
1137 1411 1234 1478 obviis
1257 1411 1425 1476 viatoribus
1448 1410 1702 1476 adblandientem
1729 1417 1762 1476 et
1781 1410 1871 1477 illum
1893 1411 2100 1494 allatrantem,

258 1516 357 1583 donec
379 1516 407 1580 ei
429 1515 482 1599 qui
506 1514 691 1599 sacrilegum
718 1521 978 1598 persequerentur
998 1516 1031 1579 in
1054 1537 1125 1580 enm
1147 1515 1330 1580 incidissent
1351 1521 1383 1580 et
1404 1536 1476 1580 eum
1497 1515 1531 1578 in
1553 1513 1725 1580 custodiam
1741 1514 1949 1581 deduxissent
1978 1515 2101 1580 hlodem

257 1621 325 1687 looo
348 1619 496 1686 Aelianus
518 1619 652 1685 breviter
672 1618 811 1684 fabulam
834 1618 873 1684 de
895 1619 980 1684 mulo
1002 1619 1184 1684 Atheniensi
1207 1620 1341 1703 attingit,
1370 1619 1423 1702 qui
1445 1639 1566 1684 summo
1593 1639 1663 1684 oum
1686 1618 1790 1684 studio
1813 1619 1871 1684 etsi
1894 1625 1998 1684 aetate
2018 1617 2100 1684 infir·

257 1725 337 1792 mior
358 1731 440 1790 esset
460 1745 555 1808 qnam
577 1729 613 1788 ut
633 1722 782 1807 plaustra
804 1723 916 1806 quibus
937 1722 1058 1808 lapides
1080 1723 1121 1788 ad
1142 1721 1295 1806 templum
1318 1721 1460 1788 Athenae
1482 1721 1514 1786 in
1537 1743 1608 1788 arce
1629 1722 1813 1789 struendum
1840 1724 2008 1788 necessarii
2029 1745 2101 1809 sup·

257 1827 470 1913 portabantur,
492 1825 604 1892 vehere
619 1832 732 1910 posset,
753 1826 831 1892 ahos
846 1827 956 1908 mulos,
978 1827 1032 1911 qui
1054 1827 1174 1911 lapides
1197 1825 1431 1910 supportabant,
1454 1825 1661 1890 comitabatur
1682 1833 1715 1890 et
1736 1827 1895 1907 incitabat,
1917 1832 1953 1891 ut
1967 1824 2103 1892 officinm

257 1937 506 2016 exsequerentur.
551 1929 643 2015 Quae
665 1931 802 1996 narratio
824 1930 964 2014 pluribus
986 1930 1087 1996 verbis
1109 1929 1149 1994 ab
1171 1929 1238 1994 Ael
1259 1928 1320 2009 VI,
1340 1929 1383 1994 49
1406 1935 1438 1994 et
1459 1950 1479 1992 a
1500 1927 1584 1993 Plut
1608 1931 1657 2010 13,
1681 1932 1721 1995 14
1742 1931 1916 2014 perscripta
1937 1937 1992 1996 est

411 2051 577 2136 Sequentia
604 2052 715 2135 eapitis
738 2053 800 2134 §3
827 2050 879 2116 hic
906 2051 1045 2117 fabulam
1072 2051 1111 2116 de
1142 2071 1221 2115 eane
1243 2049 1314 2115 Poli
1346 2049 1505 2116 histrionis
1531 2049 1682 2134 adiungit,
1716 2050 1769 2134 qni
1795 2072 1859 2116 una
1886 2073 1956 2116 cnm
1979 2057 2100 2116 mortno

258 2155 384 2221 domino
405 2161 560 2221 crematus
582 2162 638 2236 est,
668 2157 687 2237 ᾖ
708 2158 730 2219 4
752 2155 791 2220 de
815 2154 982 2239 elephanto
1003 2155 1078 2220 Pori
1099 2156 1190 2238 regis,
1220 2154 1284 2237 qui,
1311 2175 1502 2237 quamquam
1528 2154 1594 2237 ipse
1622 2155 1746 2220 saucius
1774 2160 1850 2236 erat,
1879 2176 2002 2220 summa
2031 2175 2101 2220 oum

257 2259 375 2345 pietate
396 2260 429 2324 id
450 2259 551 2324 solum
570 2259 730 2343 spectavit,
752 2265 789 2324 ut
810 2281 829 2323 a
775 2258 977 2324 tdomino
999 2259 1161 2324 vulnerato
1183 2279 1290 2324 omnes
1311 2278 1390 2340 quos
1411 2258 1513 2340 potnit
1527 2257 1650 2323 dolores
1664 2259 1868 2341 propulsaret
1906 2257 2102 2342 Quibuscum

258 2361 380 2428 Aeliani
402 2361 472 2432 VH
494 2363 598 2446 capita
618 2364 663 2428 40
683 2368 716 2427 et
737 2364 777 2427 37
801 2370 875 2428 sunt
896 2363 1115 2447 comparanda

414 2486 461 2564 16
484 2485 504 2548 2
527 2505 571 2566 sq
593 2482 781 2548 Plutarchus
808 2490 1027 2567 argumentum
1056 2483 1145 2549 allert
1171 2483 1305 2548 astutiae
1331 2481 1407 2547 muli
1430 2480 1572 2548 Thaletis
1594 2419 1719 2563 Milesii,
1752 2483 1805 2567 qui
1837 2479 2100 2548 animadverterat

258 2587 385 2653 salem'
377 2609 409 2650 ιιι
431 2607 514 2670 aqua
536 2585 743 2671 colliqnelieri.
772 2586 885 2670 Itaque
908 2588 1183 2671 quotienscumque
1206 2607 1329 2652 munem
1351 2585 1483 2666 transiit,
1506 2608 1539 2651 se
1561 2585 1687 2652 demisit
1707 2588 1762 2651 et
1754 2609 1786 2650 ιιι
1801 2593 2100 2670 utramquepartem

258 2691 400 2770 versavit,
431 2696 468 2754 ut
488 2711 567 2756 onus
589 2711 741 2772 vasorum,
770 2690 936 2774 inquibus
958 2691 1056 2757 salem
1077 2692 1221 2776 portavit,
1252 2691 1413 2756 minueret
1457 2689 1551 2774 Quod
1573 2689 1690 2756 Thales
1712 2712 1783 2756 cum
1805 2690 1982 2771 audivisset,
2012 2691 2102 2756 iussit

259 2815 334 2859 vasa
355 2791 430 2857 lana
451 2799 484 2857 et
505 2793 643 2877 spongiis
664 2792 795 2876 impleri.
838 2793 964 2859 Deinde
987 2800 1153 2878 postquam
1180 2794 1283 2860 mulus
1310 2815 1416 2860 rursus
1438 2793 1471 2858 in
1492 2793 1587 2860 fluvio
1616 2816 1650 2860 se
1671 2795 1839 2879 prostravit
1864 2801 1897 2860 et
1918 2816 2001 2878 aqua
2022 2816 2101 2860 onus

259 2919 348 2962 sunm
382 2896 477 2978 anxit,
508 2896 640 2980 posthac
669 2897 714 2962 ita
743 2903 834 2962 cante
862 2895 988 2963 fluvium
1019 2899 1151 2978 transiit,
1183 2902 1219 2962 ut
1245 2919 1321 2963 vasa
1349 2898 1479 2964 humore
1507 2919 1571 2963 non
1600 2903 1811 2982 tangerentur.
1853 2897 1940 2962 Idem
1969 2897 2101 2981 legimus

258 3024 278 3067 a
300 3049 307 3065 .
329 3001 396 3066 Ael.
517 3003 569 3065 42.

277 3024 299 3085 p
413 2999 596 3203 llIbPlut.
618 3143 635 3186 e
656 3123 722 3188 uita
743 3121 916 3188 Ptolemaei
931 3123 1150 3208 Philopatoris,
1173 3129 1208 3188 ιιι
1228 3121 1441 3206 elephantos
1431 3143 1464 3186 ιιι
1487 3122 1588 3187 tutela
1602 3122 1730 3188 deorum
1745 3142 1813 3188 esse
1828 3121 1947 3202 doceat,
1969 3120 2101 3186 eandem

260 3247 325 3290 rem
347 3231 463 3304 namet,
484 3247 578 3308 quam
602 3225 666 3292 Ael.
681 3225 760 3306 VH,
776 3229 827 3292 44.
871 3226 977 3311 Quam
998 3227 1265 3292 narratiunculam
1286 3226 1447 3310 utriusque
1468 3225 1625 3310 scriptoris
1648 3246 1685 3290 ex
1706 3224 1813 3290 Jubae
1835 3224 1921 3290 libris
1944 3231 2100 3308 sumptam

258 3349 325 3394 esse
346 3329 556 3393 interamnae
579 3334 709 3394 constat

414 3446 450 3514 0.
465 3450 509 3514 20
531 3449 610 3514 Plnt
633 3448 816 3516 Democrito
838 3455 964 3516 auctam
986 3450 1115 3516 laudato
1136 3449 1272 3534 explicat
1292 3450 1407 3515 multas
1429 3448 1609 3533 disciplinas
1631 3456 1663 3514 et
1685 3457 1767 3514 artes
1789 3448 1930 3514 homines
1952 3470 1973 3512 a
1994 3447 2101 3514 bestiis

260 3551 411 3617 didicisse.
455 3551 503 3618 Ut
523 3552 576 3617 ille
597 3555 648 3634 20,
670 3556 690 3618 4
714 3561 746 3618 et
768 3555 796 3634 7,
825 3554 870 3618 ita
892 3555 957 3619 del.
983 3553 1058 3636 VH,
1087 3556 1130 3619 45
1152 3553 1263 3619 eadem
1293 3553 1332 3619 de
1353 3549 1437 3617 rbide
1466 3559 1498 3618 et
1526 3553 1692 3637 elephanto
1715 3551 1830 3631 scribit,
1859 3550 1971 3617 deinde
1998 3552 2102 3637 pergit

260 3654 373 3821 {eterra
409 3653 565 3740 Pyrrhum
602 3657 785 3740 cognomine
820 3657 953 3741 aquilae,
985 3657 1176 3724 Antiochum
1212 3678 1316 3742 regem
1352 3657 1507 3741 accipitris
1540 3656 1726 3722 delectatum
1761 3677 1837 3722 esse.
1900 3655 1974 3722 Hoc
2007 3657 2099 3721 etiam

286 3758 342 3824 lut
364 3760 414 3839 22,
436 3760 456 3823 3
478 3759 614 3824 exhibet:

324 3894 417 3962 Plut
433 3898 488 3962 2οε
511 3896 698 3967 Γελοῖοιδ”’
684 3899 991 3986 ισωςὲσμὲνέπὶτῳ
978 3898 1133 3985 μανθτι·
1284 3898 1360 3965 nel.
1377 3897 1455 3978 VII,
1469 3901 1527 3962 45:
1552 3899 1632 3966 Οἱ
1614 3924 1648 3966 εν
1663 3887 1821 3987 Αἰγύπτῳ
1843 3896 1945 3989 ἱερεῖς
1965 3892 2101 3976 ἑαυτους

260 4027 325 4070 νειν
335 4027 373 4067 τα
362 3997 432 4048 Γ
388 4029 454 4088 qm
465 4025 680 4088 depromeres
691 3993 735 4072 ὦν
748 4029 766 4072 o
755 4001 1014 4094 Δημοκριτος
992 4031 1138 4094 αποφαι
1226 4004 1493 4095 περιρραίνονσιν
1508 4029 1545 4072 ου
1525 3999 1659 4071 παντί
1681 4001 1787 4081 υδατι,
1809 4027 1846 4070 ου
1868 3999 1933 4089 μὴν
1955 4000 2031 4069 οὐδὲ
2052 4005 2103 4088 τῷ

260 4130 308 4172 νει
318 4103 501 4191 μαθητὰς
483 4131 517 4174 εν
528 4113 596 4179 τοῖς
606 4107 770 4192 μεγίστοις
781 4098 950 4196 γεγονότας
965 4135 981 4173 r
974 4131 1092 4195 μα
1221 4101 1451 4196 παρατυχόντι,
1464 4105 1574 4176 ἆλλᾰ’
1556 4109 1665 4194 εκείνῳ
1683 4097 1771 4190 ἐξ
1731 4131 1771 4175 ου
1783 4128 2037 4175 πεπιστευκασιν
2051 4102 2102 4174 ὅτι

324 4209 358 4271 4:
381 4211 438 4294 τῆς
452 4206 647 4292 τ’ῑβεωςτον
662 4201 865 4295 ὖποκλνσμὼ
880 4161 1138 4301 ἅλμῃκαθαιριι-
1223 4205 1288 4304 ιἰρα
1301 4204 1425 4296 ίβιςέ
1383 4238 1409 4279 π
1425 4237 1541 4280 πανιιεν.
1566 4216 1657 4280 tucos
1673 4235 1735 4303 γαρ
1747 4207 1932 4278 καλλίστα
1915 4233 1966 4277 οτι
1977 4207 2102 4297 μηιτοτε

261 4308 358 4396 μένης
372 4308 555 4392 Αἰγύπτιοι
570 4315 710 4382 συνιδεῖν
724 4316 778 4382 καὶ
799 4311 1011 4402 μιμήσασθαι
1028 4317 1137 4403 Atyoc-
1223 4307 1262 4383 ἂν
1285 4316 1360 4384 πίοι
1381 4314 1534 4396 bducog‘
1516 4317 1620 4402 εκείνη
1631 4319 1785 4406 ῥυπαροῦ
1797 4339 1851 4383 και
1840 4312 2100 4397 λελυμασμένου

261 4437 322 4482 σιν.
346 4414 378 4482 οἱ
401 4415 437 4482 δὲ
459 4415 559 4505 ἱερεῖς
581 4415 676 4484 ὕδατι
697 4423 848 4508 χρῶνται,
875 4417 1135 4508 περιαγνίζοντες
1219 4418 1254 4487 tt
1277 4446 1370 4488 τινων
1393 4417 1596 4510 φαρμάκων.
1614 4418 1700 4503 ἔχειν
1722 4415 1782 4510 γάρ
1797 4444 1832 4485 τι
1847 4405 2053 4486 πιστεύουσιν
2068 4415 2101 4482 ἐν

262 4513 409 4599 tamuda,
420 4519 455 4600 ἑξ
466 4515 505 4588 οὗ
516 4521 664 4589 πέπωκεν
675 4515 740 4605 ldae
757 4558 763 4570 ·
785 4511 824 4590 dv
846 4521 907 4612 γοιρ
924 4513 943 4612 ᾗ
958 4519 1134 4613 φαρμακίτ-
1220 4523 1324 4612 ἓαυτῷ
1344 4521 1383 4591 cd
1409 4521 1489 4609 ζῷον
1511 4525 1565 4593 καί
1588 4527 1751 4610 μαντικῆς,
1774 4546 1835 4591 ατε
1856 4519 1955 4610 ἱερόν.

262 4624 316 4696 des
339 4621 358 4710 ἡ
378 4613 505 4715 νοσερὸν
526 4621 630 4701 Attum
650 4621 688 4694 τὸ
711 4625 810 4715 ὕδωρ,
832 4625 873 4694 οὐ
894 4623 1068 4718 πρόσεισιν.

329 4727 362 4790 l:
385 4719 430 4796 Ori
445 4727 509 4814 μὴν
524 4721 608 4795 ἄλλοι
623 4731 677 4798 καὶ
699 4731 888 4822 χειρουργίᾳ
902 4734 1046 4819 χρῆσθαι
1061 4727 1135 4804 τούς
1285 4726 1474 4819 Ἐλέφαντας
1502 4731 1538 4798 δὲ
1563 4727 1672 4799 αἰιοὺω
1702 4729 1766 4798 τῶν
1795 4717 2104 4821 superremota

264 4830 441 4922 ἐλέφαντας
461 4832 628 4920 ἱστοροῦσι
651 4835 705 4902 καὶ
727 4835 787 4926 γὰρ
805 4831 906 4916 §cord
930 4837 983 4902 καὶ
1007 4831 1137 4921 ίιιγχαις
1223 4823 1388 4921 ἀτρώτους
1415 4833 1641 4923 πεφεισμένως
1672 4830 1815 4914 ἐξαιρεῖν
1845 4831 1900 4899 καί
1926 4827 2027 4912 §cord
2047 4826 2102 4893 καί
