4626 5816
1114 397 1154 459 15

7 591 9 670 Ι
108 553 115 566 .
363 599 400 668 Ο.
415 601 458 666 53
481 599 631 664 Aelianus
653 605 686 664 et
707 601 725 682 ᾖ
751 601 812 664 148
834 597 958 666 Plinius
979 600 1094 666 docent
1115 623 1172 667 cur
1192 622 1287 668 canes
1309 623 1349 668 ex
1370 600 1445 667 Nilo
1467 609 1626 668 currentes
1648 601 1765 684 bibant,
1787 624 1854 687 cap.
1870 605 1912 668 62
1932 603 2055 670 Aeliani

207 712 246 777 de
269 729 346 774 cane
370 705 501 774 Gelonis
523 704 686 770 historiam
708 705 892 786 invenimus,
918 728 1013 790 quam
1035 704 1156 772 Plinius
1179 707 1199 790 ξ
1224 709 1286 771 144
1310 705 1430 772 Philisti
1459 705 1584 771 nomine
1606 705 1703 771 allato
1724 705 1834 772 leviter
1860 709 2055 792 perstringit:

210 821 378 892 „memorat
399 821 427 874 et
449 809 606 894 Pyrrhum
629 805 752 872 Gelonis
774 809 899 893 tyranni
918 831 1022 872 canan
1044 809 1226 874 Philotam
1526 821 1529 828 ’

364 930 426 1015 Qui
449 931 555 996 omnia
576 929 656 995 haec
677 928 782 994 locas
801 950 852 993 ma
874 930 1011 1014 ascripta
1031 931 1262 1010 examinaverit,
1284 928 1434 994 concedet
1456 928 1578 994 Aeliani
1601 934 1634 993 et
1647 928 1810 994 Plutarchi
1832 936 1991 995 auctorem
2014 931 2054 996 ad

211 1037 342 1104 eundem
364 1034 482 1099 fontom
505 1032 685 1117 primarium
708 1031 808 1096 redire
831 1037 925 1115 atque
948 1031 1043 1098 Phnii
1065 1040 1224 1099 auctorem
1244 1033 1426 1102 Varronem.
1469 1031 1554 1097 Nam
1577 1033 1652 1115 quin
1674 1032 1758 1098 hunc
1781 1031 1901 1098 Plinius
1922 1033 1954 1098 in
1978 1034 2054 1100 locis

210 1162 288 1223 quos
310 1137 401 1204 attuli
423 1142 547 1204 secutus
569 1137 703 1216 sitnon
725 1135 841 1200 dubito.

365 1258 457 1344 Quae
473 1259 556 1323 enim
571 1257 611 1322 de
627 1256 766 1323 sollertia
779 1255 881 1340 vulpis
896 1255 1050 1322 Thraciae
1073 1264 1105 1323 et
1126 1257 1165 1323 de
1187 1258 1377 1323 divinatione
1399 1259 1534 1323 murium
1556 1257 1679 1322 Plinius
1701 1259 1833 1342 scripsit,
1854 1259 2055 1327 Varroniano

209 1385 276 1431 esse
302 1364 367 1427 iam
396 1368 492 1428 antea
513 1365 554 1445 (p.
581 1362 632 1444 13)
655 1360 867 1426 demonstrare
897 1362 1002 1426 eonati
1024 1383 1139 1444 sumus,
1166 1361 1291 1427 Philisti
1318 1361 1449 1427 historia
1477 1362 1516 1426 de
1539 1383 1616 1426 cane
1640 1360 1770 1429 Gelonis
1793 1365 1812 1446 ξ
1838 1365 1898 1428 144
1920 1361 2055 1428 Mhnzer

210 1467 240 1548 (l
262 1466 282 1532 l.
303 1489 334 1551 p.
358 1467 432 1550 156)
455 1465 603 1531 eiusdem*
623 1464 781 1549 scriptoris
804 1485 872 1530 esse
894 1465 1023 1549 putavit
1066 1465 1174 1531 Etiam
1196 1466 1326 1532 historia
1346 1461 1463 1531 Philini
1487 1465 1525 1532 de
1547 1487 1629 1550 equo
1645 1467 1792 1551 Dionysii
1807 1468 1931 1552 tyranni
1947 1469 1966 1552 ἐ
1984 1469 2055 1550 158,

207 1571 357 1636 biaoriae
379 1570 419 1635 de
440 1590 520 1653 equo
544 1567 690 1654 Scythico
713 1574 746 1632 et
767 1567 904 1633 Reatim
927 1569 945 1651 ξ
971 1569 1031 1634 156
1054 1567 1188 1636 Varroni
1213 1570 1421 1654 assignandae
1442 1577 1525 1636 sunt
1569 1570 1619 1635 ad
1645 1569 1784 1636 fabulam
1811 1577 1916 1636 autam
1943 1571 1981 1636 de
2003 1593 2054 1638 aa·

208 1674 302 1740 nibus
324 1672 454 1739 albanis
477 1676 496 1757 ἓ
520 1673 582 1742 154
604 1671 726 1737 Plinius
752 1670 917 1737 historiam
939 1671 978 1736 de
1000 1671 1186 1757 Bucephala
1213 1695 1293 1757 equo
1316 1673 1484 1738 Menandri
1512 1673 1665 1738 artissime
1693 1674 1839 1756 annectit,
1866 1681 1902 1740 ut
1928 1683 2055 1759 pergat:

208 1779 325 1853 „eidem
346 1777 523 1842 Alarandro
545 1787 573 1841 et
594 1777 663 1863 equi
684 1797 796 1860 mcpnc
817 1776 932 1838 raritas
952 1777 1106 1863 mntipir‘,
1129 1777 1218 1859 quasi
1241 1777 1273 1841 in
1292 1775 1341 1842 bis
1356 1776 1596 1841 narratiunculis
1611 1798 1708 1842 unum
1722 1784 1862 1843 tenorem
1877 1779 2055 1861 servaverit,

209 1887 241 1946 et
261 1880 375 1947 oblitus
397 1883 439 1946 sit
460 1900 493 1947 se
515 1879 614 1945 tribus
635 1879 690 1961 qui
712 1878 911 1944 intercedunt
931 1879 1136 1964 paragraphis
1158 1901 1228 1945 eum
1251 1879 1420 1946 sustulisse.
1465 1878 1539 1964 Qua
1560 1900 1594 1944 re
1617 1877 1750 1945 efficitur
1763 1880 1858 1946 etiam
1873 1880 1943 1947 illas
1958 1881 2054 1947 histo-

209 1986 272 2050 rias
294 1985 333 2050 de
355 1983 485 2050 canibus
507 1983 644 2049 Albanis
666 1988 699 2047 et
720 1981 759 2047 de
781 1980 967 2066 Bucephala
995 1984 1026 2046 in
1049 1983 1158 2048 eodem
1179 1982 1260 2048 libro
1281 1983 1413 2048 traditas
1435 2004 1511 2049 csse.
1556 1982 1650 2068 Quod
1673 1989 1778 2048 autem
1801 1987 1820 2068 ᾖ
1845 1986 1906 2050 158
1929 1984 1969 2050 de
1991 1986 2054 2051 An·

208 2087 304 2153 ticohi
325 2109 405 2172 equo
428 2087 512 2168 dicit,
534 2087 565 2151 in
590 2085 699 2151 eodem
721 2084 801 2150 libro
821 2085 950 2165 invenit,
971 2085 1005 2149 in
1027 2106 1091 2168 quo
1113 2085 1271 2152 historiam
1296 2086 1335 2152 de
1357 2085 1551 2171 Bucephala,
1584 2093 1620 2152 ut
1641 2109 1679 2152 ex
1703 2087 1832 2152 Aeliano
1854 2087 1914 2168 VI,
1939 2091 1981 2154 44
2004 2110 2054 2155 co·

211 2191 396 2274 gnosoimus.
440 2187 522 2256 Cum
545 2210 618 2254 vero
634 2187 829 2273 Phylarchus
850 2188 943 2254 modo
966 2189 1064 2256 tribus
1086 2189 1162 2256 locis
1177 2212 1197 2256 a
1211 2188 1314 2255 Plinio
1337 2189 1490 2271 laudetur,
1512 2197 1618 2256 nostro
1639 2190 1716 2271 loco,
1732 2190 1811 2272 VII,
1826 2192 1876 2272 ll,
1892 2191 1929 2256 X
1944 2193 2007 2258 208
2023 2200 2056 2259 et

211 2293 289 2375 VII,
313 2297 351 2358 ll
374 2294 562 2360 sententiam
583 2291 667 2357 illius
689 2313 728 2357 ex
742 2290 895 2359 Varronis
916 2292 1039 2377 scriptis
1061 2315 1132 2359 eum
1155 2292 1297 2378 didicisse
1320 2299 1448 2376 constat,
1475 2293 1640 2358 verisimile
1662 2300 1710 2358 est
1735 2315 1806 2359 eum
1829 2294 1925 2359 etiam
1947 2301 2055 2361 nostro

167 2457 169 2462 ,
210 2397 279 2463 loco
294 2396 463 2482 Phylarohi
485 2397 698 2462 narrationem
720 2417 760 2460 ex
774 2393 926 2462 Varronis
948 2394 1035 2462 libris
1056 2395 1205 2462 hausisse.
1244 2395 1339 2482 Quod
1361 2403 1466 2462 autem
1489 2399 1529 2480 ἐς
1554 2399 1624 2462 142.
1648 2400 1719 2462 143.
1744 2399 1812 2462 144.
1838 2399 1899 2463 149
1915 2419 1959 2482 sq.
1983 2401 2054 2464 154.

212 2502 275 2567 158
297 2500 421 2566 Plinius
443 2500 574 2582 disserit,
597 2520 678 2582 quac
700 2498 878 2564 Alexandro
893 2498 1015 2583 Magno
1037 2505 1069 2564 et
1089 2499 1213 2583 regibus
1236 2499 1362 2584 Pyrrho,
1384 2499 1581 2585 Lysimacho,
1602 2499 1776 2582 Nicomedi,
1799 2501 1953 2566 Antiomo
1975 2504 2055 2568 acci-

210 2605 321 2686 derint,
350 2605 414 2668 iam
436 2625 475 2669 ea
496 2604 536 2669 de
564 2623 661 2668 causa
682 2602 847 2668 verisimile
873 2609 921 2668 est
943 2600 1118 2669 Varronem
1146 2604 1248 2686 ipsum
1275 2605 1381 2668 omnia
1410 2626 1467 2669 sua
1493 2625 1533 2668 cx
1558 2603 1664 2687 aliquo
1690 2604 1769 2669 libro
1796 2604 1973 2688 sumpsisse,
2002 2605 2056 2688 qui

212 2708 250 2774 de
278 2707 457 2774 Alexandro
488 2714 522 2772 et
551 2728 657 2773 eorum
690 2707 745 2789 qui
771 2706 800 2772 ei
826 2712 1041 2772 successerunt
1072 2711 1129 2771 aut
1155 2707 1209 2789 qui
1237 2706 1348 2772 horum
1379 2706 1621 2774 dissensionibus
1654 2729 1687 2773 se
1717 2708 1959 2788 immiscucrrmt,
1992 2709 2057 2774 vita

212 2813 399 2896 compositus
422 2817 498 2876 erat

365 2930 474 2997 Nihilo
496 2932 596 2997 secius
618 2931 726 3016 negari
748 2931 858 3014 nequit
878 2930 973 2995 etiam
996 2929 1066 3010 alia,
1088 2951 1169 3015 quae
1193 2930 1315 2996 Plinius
1337 2932 1419 2996 inter
1440 2935 1458 3014 ξ
1483 2932 1660 3013 142-148,
1684 2929 1862 3013 149-150,
1886 2933 2056 2997 154-158

212 3037 425 3120 exposcitur
447 3034 517 3100 aliis
538 3033 676 3100 fontibus
697 3033 830 3099 fluxisse.
875 3032 928 3098 Ita
948 3032 1086 3098 fabulam
1109 3033 1339 3102 Garamantum
1361 3055 1467 3118 regem
1491 3056 1511 3100 a
1531 3035 1660 3100 canibus
1676 3032 1734 3101 00
1755 3033 1795 3100 ab
1818 3034 1925 3100 exsilio
1947 3036 2056 3102 reduc·

212 3146 280 3205 tum
301 3160 378 3221 esse,
407 3141 426 3222 ᾗ
451 3140 522 3220 142,
547 3136 654 3204 Jubae
674 3137 762 3204 libris
791 3137 943 3221 assignari
965 3143 1096 3222 oportet,
1128 3159 1221 3222 quem
1243 3138 1283 3204 de
1305 3137 1536 3206 Garamantum
1563 3139 1680 3224 populo
1706 3139 1865 3223 scripsisse
1892 3159 1931 3203 ex
1953 3138 2056 3205 Plinio

213 3243 273 3324 VI,
288 3245 352 3308 209
373 3243 567 3327 perspicitur.
603 3241 712 3307 Etiam
734 3241 773 3306 de
794 3240 894 3306 bobus
915 3241 1000 3325 apud
1022 3241 1157 3308 eundem
1171 3242 1322 3328 populum
1343 3248 1427 3309 retro
1448 3243 1647 3327 pascentibus
1662 3243 1873 3309 Alexandrum
1889 3243 2055 3328 Myndium

213 3347 387 3412 narravisse
408 3345 593 3411 Wellmann
622 3345 758 3410 Hermes
781 3343 947 3412 XXVIH
974 3367 1004 3429 p.
1025 3346 1089 3411 548
1116 3367 1155 3410 ex
1185 3347 1317 3412 Aeliano
1339 3346 1436 3428 XVI,
1459 3347 1501 3412 33
1528 3354 1560 3412 et
1582 3347 1742 3413 Athenaeo
1764 3345 1804 3427 V,
1827 3348 1890 3413 221
1914 3369 1932 3412 e
1957 3347 2057 3413 evicit

215 3447 296 3516 Oua
325 3470 398 3515 vero
425 3448 536 3514 cadem
569 3447 804 3514 narratiuncula
835 3448 930 3513 etiam
958 3449 1044 3532 apud
1070 3449 1208 3516 Plinium
1231 3448 1328 3531 VHI,
1353 3451 1414 3516 178
1444 3451 1629 3532 inveniatur,
1660 3452 1756 3516 etiam
1784 3450 1862 3516 haec
1891 3471 1930 3516 ex
1951 3451 2056 3518 Jubae

213 3553 335 3636 scriptis
368 3551 483 3618 hausta
510 3559 559 3618 est
590 3558 623 3617 et
651 3555 669 3636 ξ
694 3554 755 3617 142
777 3550 872 3617 verba
900 3551 939 3616 de
970 3551 1099 3618 canibus
1126 3553 1356 3620 Garamantum
1382 3554 1483 3619 eidem
1509 3555 1629 3620 auctori
1655 3554 1821 3620 tribuenda
1847 3560 1929 3636 suut,
1958 3557 2011 3638 qui
2038 3577 2058 3620 a

213 3653 319 3719 Plinio
341 3655 408 3739 ipso
431 3658 449 3739 ἓ
473 3657 536 3722 155
559 3656 713 3721 laudatum.

367 3773 460 3840 Hmc
481 3775 641 3842 hacteuus
677 3775 812 3841 Etiamsi
833 3776 933 3841 multa
956 3775 1093 3842 aPliuio
1115 3785 1244 3843 narrata
1265 3778 1334 3844 aliis
1356 3778 1556 3863 scriptoribus
1578 3777 1711 3844 adscribi
1734 3799 1859 3844 noemae
1874 3784 1930 3859 est,
1952 3785 2057 3844 tamen

213 3899 277 3944 non
300 3877 416 3959 dubito,
438 3881 515 3962 quin
537 3901 600 3945 non
621 3878 715 3945 modo
737 3879 766 3944 ei
788 3901 868 3962 quos
890 3881 982 3946 attuli
1003 3881 1063 3946 loci
1085 3903 1123 3946 ex
1144 3880 1297 3949 Varronis
1319 3882 1406 3949 libris
1426 3881 1579 3963 fluxeunt,
1606 3882 1663 3947 sed
1684 3883 1778 3948 etiarn
1801 3883 1877 3966 quin
1904 3884 1937 3948 in
1959 3882 2058 3947 multo

215 3981 355 4065 pluribus
377 3981 447 4047 libri
462 3982 615 4049 naturalis
628 3982 776 4049 historiae
792 3982 882 4052 VHI
904 3983 1133 4050 narrationibus
1149 3983 1267 4052 Plinius
1282 3985 1435 4054 Varronis
1449 3992 1586 4052 secutor
1598 3985 1699 4066 firerit,
1720 4007 1912 4070 quamquam
1927 3985 2059 4070 vestigia

216 4084 308 4151 huius
327 4085 471 4168 indagari
493 4107 588 4170 saepe
610 4107 674 4152 non
696 4109 869 4171 possumus.

1668 4192 1774 4258 Paul
1803 4191 1955 4258 Rusch.
