4626 5816
1137 372 1157 434 8

221 579 429 650 Plinvsstaat
446 579 480 634 de
497 578 618 632 muribus
636 577 733 632 1811818
752 577 908 632 rodentibus
944 576 1006 634 Acl.
1015 575 1049 646 V,
1111 579 1145 634 14
1197 575 1377 636 8818818
1776 575 2056 646 11888118181148.

374 664 476 722 atoue
494 663 576 732 talpis
595 663 718 717 Boeotiis
765 705 772 720 .
809 704 815 720 .
851 706 857 718 .
894 705 900 718 .
962 705 976 731 „
1007 663 1143 732 1111110
1264 705 1278 732 ,,
1341 665 1375 720 10
1410 662 1739 732 mensunusum

445 752 472 804 18
490 750 583 803 Ithaca
600 748 707 818 lepores
725 765 777 804 nou
796 766 855 804 8888
895 791 902 806 .
1267 792 1280 820 ,,
1343 752 1376 807 11
1481 792 1495 820 ,,
1577 751 1724 815 1100012

375 835 905 904 2281811118888888188888881188
968 877 981 904 ,
1009 835 1099 904 XVIl,
1110 837 1143 894 10
1265 875 1278 902 ,
1341 837 1375 894 11
1483 879 1494 904 ,
1577 835 1726 904 060600

374 921 721 993 227088818081181118
768 961 775 976 .
811 966 817 978 .
852 960 860 976 .
896 964 903 979 .
967 964 979 988 ,
1011 923 1059 988 ΠΙ,
1108 922 1142 979 31
1266 963 1278 986 ,
1340 923 1359 978 4
1708 919 1955 992 ’1118881188181
1967 921 2068 989 Π1,07.

374 1011 426 1066 229
444 1008 476 1064 (18
483 1009 670 1078 scorpionibus
677 1009 705 1064 18
713 1007 807 1062 latmo
815 1013 904 1062 moute

443 1094 914 1164 indigenastantumiuterlmentibus
967 1095 1047 1162 ,V,
1111 1096 1144 1152 14
1265 1133 1278 1160 ,
1341 1093 1375 1150 10
1410 1093 1493 1151 aura
1511 1110 1546 1163 ap
1564 1093 1633 1150 Plln.
1652 1093 1782 1150 laudatur.

378 1215 472 1281 Plinii
503 1216 598 1299 igitur
626 1221 658 1280 et
679 1215 807 1280 Aeliani
835 1222 868 1280 et
894 1215 1055 1281 Plutarchi
1084 1221 1226 1280 auctores
1252 1214 1366 1279 librum
1392 1214 1662 1299 paradoxographi
1689 1214 1820 1280 alicuius
1847 1213 2002 1298 Antigoni
2027 1215 2066 1280 si·

221 1320 327 1386 milam
349 1319 586 1403 desc1ipserunt
630 1316 715 1382 Nam
737 1319 886 1402 Antigoni
908 1319 1004 1401 ipsius
1026 1319 1244 1404 compendium
1266 1317 1437 1402 inspexisse
1458 1339 1521 1383 non
1543 1326 1682 1402 possunt,
1709 1339 1780 1384 cum
1802 1320 1829 1384 18
1851 1341 2005 1402 nusquam
2027 1319 2067 1384 de

222 1426 266 1490 eis
288 1423 380 1489 rebus
402 1422 654 1508 Theophrastum
677 1421 793 1503 laudet,
821 1421 860 1486 de
893 1421 1005 1506 quibus
1028 1423 1185 1504 Aelianus,
1212 1421 1408 1503 Plutarchus,
1437 1419 1554 1487 Plinius
1581 1443 1653 1488 eum
1679 1429 1791 1488 testem
1813 1421 1981 1506 proferrmt,
2011 1423 2066 1488 sed

222 1529 347 1612 saepius
369 1527 574 1592 Aristotelem
596 1531 755 1591 auctorem
777 1547 867 1590 suum
890 1525 1037 1590 nominet
1082 1526 1220 1592 Plinium
1251 1532 1357 1591 autem
1386 1526 1520 1610 epitome
1550 1525 1703 1592 derebus
1729 1525 1922 1592 mirabilibus
1951 1527 2066 1610 scripta

222 1653 312 1697 usum
334 1651 402 1696 esse
424 1630 496 1695 iude
518 1635 658 1713 apparet
680 1627 764 1713 quod
787 1631 806 1711 ἓ
825 1632 867 1694 44
891 1629 1016 1712 quidem
1039 1629 1115 1694 dicit
1136 1651 1170 1696 se
1192 1629 1352 1695 volumina
1366 1629 1541 1695 Aristotelis
1563 1629 1602 1695 de
1624 1629 1811 1695 animalibus
1833 1651 1904 1696 cum
1926 1631 1964 1695 iis
1985 1650 2065 1713 quae

222 1735 426 1818 ignoravisset
452 1734 485 1798 18
512 1740 615 1798 ertum
644 1731 814 1812 collegisse,
839 1737 876 1796 ut
902 1733 1006 1816 Antig.
1029 1731 1102 1800 Gar.
1124 1755 1150 1800 8
1172 1735 1215 1800 60
1241 1733 1324 1798 idem
1346 1733 1386 1797 (18
1408 1753 1442 1798 88
1463 1732 1626 1816 praedicat
1652 1754 1685 1798 se
1713 1734 1886 1818 suscepisse
1913 1735 1952 1803 τὸ
1977 1734 2065 1817 ξένον

221 1841 276 1907 καὶ
299 1835 489 1928 παράδοξον
510 1835 546 1905 111
567 1863 603 1907 τε
625 1836 747 1905 τούτων
769 1839 821 1918 (88.
843 1856 861 1900 8
883 1834 970 1901 libris
992 1836 1207 1919 Aristotelicie)
1229 1835 1369 1906 καὶτῶν
1391 1835 1497 1906 ἄλλων
1518 1835 1722 1930 ἐπιδραμεῖν,
1750 1837 1806 1902 scd
1828 1836 2009 1902 Aristotelis
2035 1843 2067 1900 et

222 1939 431 2023 Theophrasti
453 1938 548 2004 libms
572 1939 706 2003 Plinium
730 1939 833 2022 ipsum
856 1940 1045 2024 excerpsisse
1073 1961 1164 2006 nemo
1187 1940 1356 2006 contendit
1401 1938 1522 2004 Tamen
1551 1939 1687 2005 dubitari
1719 1941 1835 2024 nequit,
1863 1941 1938 2025 quin
1965 1962 2066 2024 neque

222 2045 335 2108 nostris
357 2042 558 2127 scriptoribus
580 2042 663 2108 idem
684 2065 764 2129 opus
787 2045 819 2106 in
841 2042 985 2108 menibus
1007 2043 1099 2108 buerit
1121 2065 1223 2128 neque
1245 2043 1368 2110 Plinius
1390 2042 1499 2109 eodem
1522 2043 1601 2110 libro
1632 2065 1695 2127 quo
1717 2045 1892 2128 Antigonus
1919 2065 1993 2108 usus
2017 2045 2065 2108 sit

223 2149 242 2230 ὅ
264 2147 306 2210 89
328 2147 409 2210 88118
433 2144 485 2211 ille
507 2153 616 2211 narret
637 2129 795 2212 crocodild
814 2146 1062 2230 magnitudinem
1085 2146 1298 2231 duodeviginti
1319 2146 1494 2212 cubitorum
1516 2168 1592 2229 esse,
1614 2146 1666 2212 hic
1687 2169 1712 2212 c.
1735 2149 1775 2212 91
1799 2147 1997 2213 Aristotelem
2019 2168 2065 2212 se-

222 2256 312 2316 cutus
334 2249 662 2338 ἑπτακαιδεκᾰπηχυν
691 2272 762 2315 eum
790 2248 864 2330 11811,
892 2253 912 2333 5
934 2251 975 2315 91
999 2249 1051 2316 ille
1073 2250 1112 2315 de
1134 2251 1240 2332 cervis,
1274 2249 1385 2334 Antig.
1406 2251 1450 2316 30
1471 2258 1503 2315 81
1525 2250 1608 2316 Ρ181
1631 2253 1682 2331 20,
1704 2251 1724 2315 8
1750 2248 1790 2315 (le
1812 2251 1913 2334 capris
1936 2249 2066 2316 018188-

222 2353 307 2418 slbus
322 2351 405 2431 dicit,
427 2351 503 2436 §98
520 2351 638 2418 Plinius
659 2352 850 2430 „metullum
873 2365 944 2418 rasta
965 2355 999 2417 in
1020 2355 1156 2417 murium
1178 2365 1286 2419 888818
1308 2378 1375 2418 cum
1396 2356 1437 2419 118
1458 2356 1650 2418 dimicatione
1671 2366 1804 2418 88888118
1823 2356 1900 2418 eires
1914 2354 2066 2441 resom‘

222 2457 325 2540 Antig.
348 2457 390 2520 35
412 2463 445 2521 81
465 2453 548 2521 Ρ181
571 2458 622 2537 20,
644 2458 665 2520 2
687 2456 875 2537 mustellam,
901 2458 1083 2542 priusquam
1105 2482 1175 2525 curn
1198 2465 1341 2543 serpente
1364 2466 1543 2545 pugnatura
1568 2460 1616 2540 sit,
1644 2458 1787 2547 πήγανον
1814 2458 1905 2523 edere
1926 2463 2065 2537 namant,

223 2564 241 2644 ξ
267 2562 327 2625 122
349 2559 403 2624 ille
427 2559 523 2624 adicit
544 2559 797 2626 chamaeleonem
827 2561 956 2626 reddere
979 2561 1114 2627 colorem
1140 2583 1265 2648 semper
1285 2584 1511 2646 quemcumque
1537 2562 1677 2646 pmxime
1704 2561 1844 2646 attigerit
1871 2567 1994 2644 praeter
2016 2583 2065 2625 ru·

221 2664 312 2728 bmm
338 2662 579 2746 candidumque,
606 2663 639 2727 hi
662 2665 827 2748 scriptores
855 2666 998 2730 nesciunt
1024 2687 1095 2731 eum
1117 2666 1245 2731 mbram
1272 2649 1510 2750 candidumque*
1523 2666 1655 2732 colerem
1681 2686 1745 2731 nou
1773 2665 1927 2750 accipere;
1962 2667 1980 2747 ξ
2003 2665 2065 2730 228

223 2768 361 2833 narratio
382 2766 531 2831 Pliniana
553 2767 592 2832 de
614 2767 707 2851 talpis
731 2767 870 2834 Boeotiis
892 2768 932 2833 ab
955 2769 1059 2853 Antig.
1074 2790 1099 2834 c.
1117 2771 1158 2835 10
1179 2768 1291 2852 differt,
1313 2772 1353 2854 §5
1378 2771 1433 2834 lll
1462 2771 1568 2834 81221
1593 2790 1614 2834 8
1635 2767 1736 2832 Plinio
1758 2767 2003 2851 Theophrastus,
2025 2767 2065 2833 ab

223 2871 380 2955 Antigono
402 2892 427 2936 c
449 2871 493 2936 20
514 2877 547 2936 81
567 2870 608 2935 81
630 2871 761 2937 Aeliano
784 2869 824 2953 V,
848 2875 897 2953 14,
919 2893 1110 2956 quamquam
1132 2894 1203 2938 curn
1225 2871 1330 2938 Plinio
1352 2873 1560 2954 consentiunt,
1582 2871 1763 2937 Aristoteles
1784 2871 1939 2938 laudatur.

374 2989 515 3056 Plinium
537 2991 651 3057 librum
672 2993 831 3077 scriptoris
854 2992 991 3059 Romani
1013 2999 1070 3058 eut
1090 3014 1193 3058 rerum
1208 2992 1425 3060 Romanarum
1445 2994 1538 3078 periti
1558 2994 1592 3059 iu
1614 2992 1820 3078 descriptione
1843 2993 1989 3058 crocodili
2010 2992 2065 3058 ad·

222 3095 360 3162 hibuisse
382 3117 477 3181 supra
498 3095 717 3162 demonstrari.
746 3098 799 3162 Ex
813 3097 1013 3182 scriptoribus
1035 3105 1141 3164 autem
1156 3097 1458 3182 nominaveras
1475 3099 1537 3164 104
1559 3096 1598 3162 118
1621 3095 1761 3162 muribus
1781 3097 1814 3162 in
1833 3095 1942 3182 Gyara
1963 3096 2066 3160 insula

222 3199 396 3265 viventibus
417 3199 484 3283 ipse
506 3201 621 3266 citatur
641 3206 674 3266 81
695 3201 764 3266 aliis
786 3200 862 3268 locis
884 3201 1024 3285 pluribus
1047 3223 1118 3266 cum
1132 3199 1237 3267 Plinio
1260 3200 1423 3266 consentit
1461 3199 1626 3284 Quomodo
1648 3199 1731 3265 enim
1754 3199 1940 3265 8818118188
1962 3199 2065 3264 ovium

222 3302 443 3389 praesciendus
465 3303 514 3383 sit,
538 3303 615 3368 Plin.
639 3305 710 3385 189,
731 3304 841 3389 Antig.
866 3305 936 3386 103,
958 3304 1061 3372 Varro
1083 3326 1107 3369 r.
1129 3325 1152 3368 r.
1174 3304 1221 3386 Π,
1243 3305 1273 3386 2,
1294 3307 1316 3369 4
1338 3310 1371 3369 81
1393 3305 1434 3368 14
1457 3303 1567 3370 eodem
1589 3303 1681 3369 modo
1704 3310 1846 3368 narrant:

264 3441 368 3506 Plin:
390 3447 485 3524 atque
506 3442 538 3505 18
561 3462 598 3506 88
620 3463 733 3525 genere
853 3441 947 3508 Ant:
980 3431 1178 3513 181881τᾶ
1194 3433 1373 3530 γεννώμενα
1494 3439 1629 3510 Varro:
1657 3440 1966 3507 animadvertendum
1987 3460 2065 3523 888

222 3545 355 3610 arietum
388 3545 523 3609 maxime
552 3551 734 3628 spectantur
809 3547 972 3635 81188081,
997 3545 1054 3615 a’ob
1078 3537 1145 3616 ὑπὸ
1173 3552 1217 3637 τῇ
1244 3543 1373 3636 γλώττῃ
1451 3566 1512 3629 888
1534 3544 1644 3628 lingua
1664 3566 1705 3610 ne
1727 3545 1818 3628 nigra
1838 3544 1996 3609 autvaria
2017 3544 2065 3623 sit,

221 3669 285 3727 ora,
320 3649 394 3730 quia
421 3649 507 3713 cuius
536 3647 648 3713 coloris
675 3648 732 3713 sub
809 3651 868 3718 τοῦ
895 3647 1121 3740 18181188181
1144 3643 1372 3740 181108ςῶ818,
1450 3648 1619 3732 88οά1818
1641 3649 1694 3732 qui
1724 3669 1793 3713 earn
1816 3645 1935 3712 habent
1961 3649 2064 3730 nigros

221 3752 331 3834 lingua
367 3751 504 3817 habuere
534 3772 631 3817 venas
666 3753 733 3818 eius
808 3753 932 3837 μέλανα
941 3752 1200 3838 ὀὸέᾰνμέλαιναι.
1220 3743 1373 3828 ὡσαύτως
1450 3757 1506 3817 aut
1527 3753 1628 3817 varios
1651 3757 1817 3835 procreant
1838 3771 1944 3836 agnos.

222 3861 254 3920 et
276 3854 423 3922 lanicium
437 3855 558 3920 181818
575 3862 630 3936 est,
652 3856 731 3920 vari·
809 3855 846 3924 01
867 3857 920 3924 καὶ
943 3853 1001 3924 ἐπὶ
1023 3860 1089 3924 τῶν
1110 3855 1252 3949 πυρρῶν.
1495 3855 1645 3939 quamdiu
1676 3855 1851 3920 admissura
1881 3854 1924 3936 fit,
1956 3852 2064 3920 eadem

221 3979 349 4042 umque,
386 3960 412 4024 si
444 3958 549 4043 plures
581 3957 667 4024 18818
700 3965 733 4024 81
1334 3966 1350 3980 “
1452 3980 1536 4042 aqua
1549 3960 1595 4024 uti
1610 3965 1741 4043 oportet,
1762 3958 1847 4042 quod
1865 3957 2065 4025 commutatio

221 4062 354 4127 mutatio
389 4084 540 4146 aquarum
578 4069 731 4147 potusque
1451 4070 1483 4129 et
1503 4063 1610 4128 lanam
1631 4063 1707 4127 lacit
1728 4062 1846 4128 sariam
1873 4067 1906 4127 et
1930 4082 2066 4127 corrum-

220 4166 329 4231 variat.
1451 4166 1498 4250 pit
1519 4174 1651 4232 uterum.

374 4285 543 4352 Praeterea
565 4285 667 4354 Vsum
690 4309 713 4352 r.
728 4309 751 4352 r.
766 4286 813 4368 11,
836 4289 864 4368 1,
887 4285 908 4351 9
929 4285 1090 4351 historiam
1112 4283 1152 4349 de
1173 4285 1318 4350 castitate
1340 4289 1411 4370 equi
1434 4285 1558 4352 Reatini
1580 4286 1676 4369 affert,
1698 4309 1792 4371 quam
1814 4285 1936 4352 Plinius
1959 4287 1977 4368 ξ
1995 4285 2063 4349 156.

221 4391 256 4456 Is
277 4390 360 4455 euim
381 4395 545 4474 postquam
569 4389 609 4456 de
631 4411 711 4476 equo
726 4389 874 4476 Scythico
896 4389 1042 4468 narravit,
1064 4387 1149 4471 quod
1170 4387 1296 4454 Aristot
1319 4390 1349 4470 9,
1370 4391 1431 4454 631
1455 4390 1522 4456 111
1547 4397 1579 4456 81
1600 4391 1750 4456 Aelianus
1771 4389 1831 4471 IV,
1856 4392 1883 4472 1,
1904 4388 2020 4474 pergit:

350 4547 451 4611 aequa
472 4548 510 4593 ex
533 4549 629 4595 causa
650 4531 682 4593 in
813 4503 957 4596 Varro:
991 4548 1089 4613 equus
1111 4531 1243 4592 81811881
1265 4525 1357 4593 salire
1380 4549 1449 4594 cum
1473 4528 1585 4595 adduci
1607 4551 1670 4596 uon
1685 4535 1799 4615 posset
1822 4549 1892 4594 cum
1907 4545 1978 4591 eum

306 4630 442 4697 11881188
465 4655 540 4716 agro
566 4633 683 4698 lacera·
770 4633 873 4718 capite
895 4631 1042 4698 obvoluto
1064 4631 1174 4712 auriga
1203 4629 1385 4696 adduxisset
1405 4637 1438 4696 81
1466 4633 1617 4716 coegisset
1638 4639 1770 4698 matrem
1793 4631 1877 4710 inire,
1906 4649 1978 4694 cum

307 4741 375 4800 tum
410 4737 566 4820 prorigam
595 4737 678 4802 iuve—
765 4736 964 4802 descendenti
996 4734 1182 4819 dempsisset
1210 4733 1251 4799 ab
1281 4735 1387 4817 oculis,
1417 4735 1470 4801 ille
1500 4737 1650 4822 impeturn
1677 4737 1753 4802 lecit
1779 4735 1812 4802 in
1843 4755 1913 4800 8818
1940 4754 1979 4799 ac

306 4839 417 4905 nimus.
768 4839 923 4905 mordicus
945 4838 1105 4904 interfecit
