4626 5816
1139 387 1160 448 4

378 593 431 660 De
460 592 667 676 descriptione
696 590 911 656 ichneumonis
940 597 973 656 et
1000 591 1146 657 crocodili
1169 594 1187 673 ξ
1212 592 1341 656 88-90
1366 589 1502 656 Mhnzer
1528 589 1660 671 debiat,
1693 611 1769 654 num
1791 588 1913 655 Plinius
1940 609 2011 654 eam
2038 609 2077 654 ex

223 697 329 766 Jubae
359 696 446 763 libris
474 695 620 762 habuerit
648 700 849 778 compertam.
893 695 938 759 Et
966 700 1049 760 recte
1079 715 1152 760 eum
1174 693 1339 772 dubitasse
1368 693 1532 759 contendo.
1577 691 1664 758 Nam
1691 714 1831 778 pugnam
1861 691 2076 758 ichneumonis

223 823 295 867 cum
317 800 425 884 aspide
452 799 631 865 describens
654 800 672 881 ξ
696 799 737 862 88
759 797 881 863 Plinius
904 798 946 863 ed
968 798 1102 864 eundem
1124 785 1243 866 iontem
1268 797 1350 862 redit
1375 803 1470 880 atque
1495 795 1651 862 Aelianus
1673 795 1738 878 111,
1761 799 1803 862 22
1831 802 1865 862 et
1885 795 2075 863 Plutarchus

221 906 254 970 in
276 905 356 970 libro
378 905 417 970 de
439 903 578 970 sollertia
600 902 783 966 animalium
806 902 856 982 10,
878 905 915 966 4:

266 1086 367 1151 Plin:
418 1083 532 1150 deinde
564 1083 789 1148 internecivum
911 1083 997 1148 Ael:
1029 1083 1220 1171 Αἰγυπτίων
1239 1079 1330 1170 μα’χη
1350 1083 1478 1172 θηρίων
1501 1079 1641 1156 ἀσπίδος
1760 1079 1862 1146 Plut:
1885 1072 1904 1151 ὁ
1924 1076 1953 1149 δ’
1973 1080 2078 1165 ίχνεό·

222 1189 339 1256 bellum
359 1211 429 1254 cum
444 1188 658 1254 ichneumone.
681 1192 790 1251 notum
867 1185 1125 1273 καὶέχνεόμονος.
1141 1188 1194 1254 καί
1208 1177 1640 1272 ὁμένίχνεόμωνοέκόβου-
1717 1213 1788 1272 μων
1829 1173 1984 1271 ἀκηκόατε
2021 1183 2077 1272 δή·

222 1299 272 1359 est
297 1292 414 1358 animal
440 1291 501 1356 hac
527 1290 628 1376 gloria
655 1291 790 1355 maxime
867 1295 940 1365 λαις.
986 1290 1061 1360 οὐδὲ
1079 1288 1267 1378 ἐκπληκτως
1282 1289 1339 1358 ἐπί
1361 1287 1416 1358 τόν
1431 1283 1582 1378 ἐγῶνα’
1560 1315 1640 1378 αφι-
1717 1279 2078 1364 πσνθενῶςοέδὲνᾰπο·

223 1397 256 1460 in
278 1396 389 1462 eadem
406 1401 515 1462 natum
530 1394 687 1478 Aegypto.
709 1414 788 1458 mer·
866 1390 1142 1483 κνεῖταιτόνπρὸς
1152 1383 1205 1463 τὸν
1216 1391 1405 1472 ἀντίπαλον,
1416 1391 1478 1461 όλλ
1489 1382 1544 1468 ὀἷς
1555 1388 1639 1481 α’νηρ
1717 1395 1825 1462 λείπει
1852 1394 2003 1485 θωρακιζ
1983 1391 2077 1479 ζαμί-

224 1500 270 1583 git
280 1520 313 1565 se
325 1499 400 1564 limo
411 1499 535 1583 saepius
547 1498 704 1580 siccatque
716 1497 789 1563 sole.
866 1492 1640 1587 πανοπλίηφραξόμενος,οὕτωςέκεῖνοςτῶπηληῑ
1717 1523 1775 1566 νου
1832 1494 1917 1589 πρὸς
1970 1492 2077 1583 μάχην

223 1624 296 1669 mox
318 1603 371 1669 ubi
392 1603 533 1687 pluribus
560 1601 670 1668 eodem
696 1601 789 1666 modo
866 1597 1034 1689 ἐγκυλίσας
1056 1600 1172 1670 ἑαυτόν
1186 1603 1241 1669 καὶ
1256 1596 1446 1687 ἀναπλήσας
1465 1601 1523 1668 τοῦ
1545 1625 1639 1692 περι·
1715 1591 1886 1668 ὁπλίτου·
1921 1623 2077 1668 recovrer

223 1727 256 1772 se
278 1707 369 1773 coriis
391 1706 540 1786 loricavit,
561 1707 595 1770 in
616 1705 789 1770 dimicatio·
866 1704 1022 1790 παγέντος
1036 1702 1139 1772 ε”οικεν
1153 1703 1238 1787 ἐχειν
1256 1697 1375 1795 ἀρκοῦν
1389 1701 1563 1794 πρόβλημα
1584 1705 1638 1772 καί
1716 1699 1809 1782 ἰλόος
1841 1701 2074 1794 περιβάλλεται

223 1831 294 1876 uem
321 1809 432 1894 pergit
457 1810 490 1874 in
517 1829 555 1876 ea
581 1808 714 1874 caudam
742 1815 789 1874 at·
866 1804 1025 1896 στεγανόν.
1055 1805 1087 1877 εἰ
1108 1809 1145 1876 δέ
1167 1805 1294 1900 ἀπορία
1309 1809 1361 1894 εἴη
1376 1810 1494 1892 πηλοῦ,
1516 1803 1639 1882 λσόσας
1715 1809 1770 1876 καὶ
1791 1795 2008 1930 περιπήγνυσι
2026 1811 2076 1894 τῷ

225 1913 339 1979 tollens
360 1914 440 1978 ictus
463 1913 565 1980 irritos
588 1934 714 1979 avemus
737 1935 788 1978 ex·
865 1911 979 1981 ἑαυτόν
1003 1910 1095 1980 ὕδατι
1117 1913 1172 1979 καὶ
1194 1912 1227 1986 ἐς
1246 1909 1356 1995 ἅμμον
1377 1916 1521 1995 βαθεῖαν
1542 1900 1639 2000 ὖγρόν
1716 1909 1840 1996 σώματι
1855 1915 1986 1994 χιτῶνα,
1999 1909 2077 1996 μέλ·

224 2017 308 2100 cipit,
330 2016 430 2082 donec
452 2016 579 2100 obliquo
594 2016 697 2102 capite
718 2037 788 2100 spe·
864 2013 914 2084 ἐτι
944 2013 1094 2100 ἐμβαλῶν
1129 2016 1164 2083 ἐκ
1198 2017 1295 2103 τῆςδε
1330 2021 1387 2102 τῆς
1417 2013 1569 2088 ἐπινοίας
1596 2009 1636 2080 τό
1714 2015 1780 2082 λων
1794 2011 2015 2084 ἐπιτίθεσθαι
2030 2017 2079 2100 τῶ

222 2119 344 2186 culatus
366 2119 496 2186 invedat
516 2121 549 2186 in
571 2121 685 2187 lauces.
864 2117 1065 2209 α’μυνιὴριον
1090 2119 1125 2200 ἐξ
1150 2114 1283 2208 α’πὸρων
1317 2115 1454 2197 σπάσας,
1490 2117 1548 2186 ἐπί
1581 2114 1638 2204 τὴν
1714 2115 1919 2209 κροκοδείλῳ.

807 2299 808 2304 1
864 2218 972 2310 μάχην
993 2221 1134 2312 ἔρχεται.

267 2423 269 2428 ⁴
377 2393 590 2476 Aristotelem,
611 2397 667 2478 qui
688 2396 722 2460 in
743 2394 815 2461 hist
838 2415 888 2459 au.
910 2395 939 2475 9,
962 2395 1025 2458 612
1045 2392 1079 2457 A
1097 2393 1135 2457 16
1158 2413 1296 2476 pugnem
1320 2391 1452 2471 disserit,
1474 2412 1575 2474 neque
1596 2389 1720 2456 Plinius
1742 2412 1843 2474 neque
1867 2389 2021 2456 Aelianus
2044 2396 2076 2454 et

224 2497 411 2565 Plutarchus
432 2497 580 2564 hocloco
601 2499 699 2564 secuti
721 2505 804 2566 sunt
846 2496 932 2562 Nam
954 2497 1007 2562 ille
1029 2496 1268 2562 ichneumonem
1290 2496 1368 2560 alies
1391 2495 1439 2560 sui
1462 2494 1585 2579 generis
1608 2494 1724 2560 bestias
1746 2501 1968 2560 convocantem
1991 2493 2075 2574 facit

222 2623 305 2684 quoe
333 2623 405 2667 eum
432 2583 542 2667 contra
570 2602 711 2686 aspidem
739 2601 896 2684 adiuvent
924 2601 956 2666 hi
986 2600 1025 2666 de
1054 2621 1093 2665 ea
1121 2621 1154 2664 re
1184 2598 1262 2663 nihil
1290 2605 1543 2664 commemorent
1588 2597 1741 2664 Aelianus
1769 2597 1868 2663 multu
1898 2598 2073 2664 accuratius

222 2726 362 2789 pugnam
385 2704 514 2788 exponit
539 2725 635 2787 quam
657 2703 794 2784 Plinius;
827 2703 1017 2770 Plutarchus
1039 2701 1078 2770 dc
1104 2724 1212 2788 pugno
1233 2707 1318 2768 tacet
1344 2709 1375 2766 et
1397 2699 1537 2785 aspidem
1561 2721 1632 2765 cum
1654 2701 1809 2767 crocodilo
1838 2701 2008 2784 confundit
2037 2700 2076 2765 de

223 2829 286 2894 quo
309 2814 451 2874 auctores
474 2807 587 2874 similia
609 2807 816 2888 tradiderunt
838 2815 874 2873 ut
894 2815 1005 2894 postea
1027 2806 1207 2872 ridebimus.

377 2947 453 3030 §89
473 2945 596 3012 Plinius
618 2951 785 3030 postquam
807 2945 1055 3029 magnitudinem
1077 2944 1224 3011 crocodili
1244 2945 1428 3029 plerumque
1451 2942 1665 3028 duodeviginti
1687 2942 1794 3008 cubita
1815 2937 1965 3009 excedere
1987 2942 2074 3024 dixit,

223 3071 295 3114 cum
316 3047 490 3115 Aristotele
519 3049 714 3130 dimeutiens,
748 3049 803 3131 qui
825 3048 855 3114 lu
878 3070 898 3114 a
919 3052 949 3129 6,
972 3051 1037 3114 558
1063 3049 1091 3113 A
1114 3051 1156 3114 23
1184 3048 1290 3113 docuit
1315 3041 1531 3133 αὐξανόμενος
1564 3049 1600 3118 δὲ
1627 3049 1748 3135 γίνεται
1774 3049 1829 3116 καί
1855 3046 2073 3118 ἑπτακαίδεκα

224 3151 365 3242 πήχεων,
394 3158 427 3219 et
447 3152 487 3218 de
514 3153 580 3219 ovis
607 3151 754 3219 crocodili
776 3152 927 3236 exposuit,
953 3153 986 3216 in
1009 3152 1249 3236 descriptionem
1276 3172 1315 3216 ex
1337 3150 1512 3217 Aristotelis
1541 3150 1627 3218 libris
1649 3150 1836 3216 tramlatam
1863 3151 1942 3217 alies
1968 3171 2075 3216 narra·

223 3255 381 3323 tiunculas
403 3257 519 3337 inserit,
540 3278 623 3340 quae
645 3256 730 3340 apud
753 3256 951 3323 Aristotelem
974 3277 1037 3320 non
1058 3255 1259 3321 inveniuntur
1280 3259 1313 3319 et
1334 3253 1511 3338 exemplum
1534 3253 1734 3320 divinationis
1756 3255 1822 3320 eius
1844 3253 1956 3320 belum
1978 3251 2074 3334 adest,

226 3359 310 3443 quod
331 3381 404 3425 cum
425 3358 498 3425 Ael.
519 3359 561 3440 V,
582 3361 625 3426 52
648 3365 681 3425 et
702 3359 786 3426 Plut
806 3361 857 3440 34,
882 3361 898 3424 l
923 3380 969 3443 sq.
993 3357 1239 3442 comparandum
1261 3363 1321 3422 est:

266 3539 385 3606 Plin:
430 3562 531 3624 eaque
652 3539 737 3606 Ael:
761 3543 815 3610 καί
831 3541 866 3610 αἱ
882 3545 1020 3625 χελῶναι
1036 3542 1072 3608 δέ
1191 3538 1290 3603 Plut:
1329 3543 1400 3608 Τῶν
1421 3541 1457 3608 δὲ
1479 3539 1693 3630 κροκοδείλων
1713 3537 1756 3609 τό
1781 3540 1842 3625 μέν
1863 3539 1946 3608 ἄλλα
1968 3564 2075 3630 παρα-

224 3649 276 3728 (sc.
325 3645 394 3725 ova)
442 3649 531 3709 extra
608 3647 664 3715 καί
700 3647 732 3714 οἱ
767 3646 911 3737 καρκίνοι
948 3648 1002 3713 καί
1039 3643 1071 3713 οἱ
1149 3640 1282 3731 πλήσια,
1292 3647 1352 3732 τῆς
1364 3644 1400 3710 δέ
1410 3633 1899 3732 χῶραςὸστοχασμόςέπίνοιαν
1909 3635 2074 3733 ἀνθρώπῳ

223 3769 295 3814 eum
324 3746 426 3812 locum
451 3768 530 3812 sem-
609 3747 808 3840 κροκόδειλοι
833 3749 876 3818 τοὶ
906 3746 957 3836 ηὀἐ
989 3749 1070 3818 κατὰ
1149 3753 1204 3834 τῆς
1226 3745 1337 3828 αἰτίας
1355 3741 1393 3816 οὗ
1416 3749 1562 3824 δίδωσιν,
1585 3745 1661 3817 οόόέ
1682 3744 1914 3832 συλλογισμόν·
1936 3745 2014 3816 ὅθεν
2036 3743 2075 3814 ori

223 3871 280 3935 per
298 3849 427 3916 incubat
440 3871 530 3934 prae-
608 3851 665 3942 τῆν
680 3849 765 3944 ῶρακ
780 3852 839 3941 τὴν
853 3851 953 3941 αὐτὴν
974 3879 1071 3937 μετα-
1149 3852 1231 3941 φασί
1246 3839 1373 3940 λογικήν
1387 3851 1472 3920 etta
1491 3879 1648 3980 μαντικιγν
1669 3847 1814 3922 εἶναι
1774 3878 1835 3941 την
1858 3853 1935 3942 περὶ
1956 3847 2075 3920 τούτου

224 3954 415 4020 ἀίνὶιιαίίοοε
453 3975 530 4037 qua·
608 3957 797 4044 κομίζονσιν
812 3955 847 4031 ἐς
861 3955 1071 4084 ιάἐίβατατηρ
1148 3980 1207 4024 τον
1194 3955 1345 4046 θηρίου
1361 3945 1563 4086 πρόγνωσιν·
1585 3955 1660 4025 οὔτε
1675 3955 1734 4046 γὰρ
1750 3957 1895 4025 πλέον’
1863 3953 1920 4023 σότ
1919 3952 2075 4024 ’ἔλαττον

225 4056 299 4123 dam
349 4056 391 4122 ad
438 4078 532 4141 quem
608 4057 974 4149 ποταμῷκαὶόνέφικτα
994 4061 1071 4127 ·καὶ
1148 4059 1282 4143 ἐκβᾶσα,
1305 4049 1429 4128 a’tla‘'
1411 4084 1486 4129 οσον
1507 4061 1556 4136 εις
1576 4059 1663 4148 ὥραν
1683 4058 1777 4140 dicor
1797 4087 1815 4128 ο
1836 4063 1952 4140 Νεῖλος
1978 4056 2076 4146 αόξη-

224 4182 346 4227 summo
373 4167 466 4226 suctu
494 4182 531 4226 eo
609 4164 761 4233 ἐντεῦθεν
795 4159 856 4250 ἤδη
890 4161 1072 4250 λογίζονται
1151 4165 1225 4244 θείς
1250 4153 1419 4234 ἐπικλυσει
1441 4191 1496 4234 και
1519 4154 1704 4256 αποκρόψει
1728 4169 1788 4251 τῆς
1802 4171 1869 4254 γῆς
1891 4150 2011 4232 ἐκεῖ
1972 4191 2012 4232 τα
2027 4157 2075 4252 ᾠιέ

226 4285 309 4330 anno
352 4275 550 4348 egressurus
609 4267 642 4337 οἱ
658 4264 899 4356 ἐντυγχάνοντες
920 4273 987 4340 τοῖς
1008 4271 1073 4336 τῶν
1149 4267 1311 4392 τίθησιν
1329 4265 1414 4337 ὡστε
1435 4267 1493 4337 τόν
1519 4265 1692 4353 ἐντυχόντα
1718 4275 1781 4336 τῶν
1806 4273 1957 4395 γεωργῶν
1981 4263 2075 4336 adesir

226 4373 274 4432 est
294 4365 397 4433 Nilus.
609 4369 850 4462 προειρημένων
864 4365 944 4456 ηέοῖς
962 4367 980 4438 ὃ
996 4377 1073 4439 Νεῖ·
1150 4369 1324 4456 γινώσκειν,
1357 4370 1480 4463 ἑτέροις
1509 4399 1545 4442 τε
1575 4367 1725 4462 φρόζειν
1759 4361 1881 4442 ὁπόσον
1914 4368 2028 4444 αυτοῖς
2056 4357 2074 4436 c‘

610 4478 667 4549 λος
710 4470 857 4542 detrude
895 4475 929 4554 ἐς
972 4471 1073 4543 πόσον
1151 4497 1296 4560 ποταμος
1302 4473 1495 4601 πρόεισιν·
1513 4473 1597 4546 οὕτω
1613 4501 1879 4570 σννεμετρησατο,
1901 4502 1947 4561 μη
1937 4473 2074 4564 βρεχο

611 4573 915 4666 &capedunculas
933 4576 1073 4665 τῆνγην
1150 4579 1249 4664 μόνον
1271 4575 1370 4654 αέτὸς
1391 4579 1586 4672 βρεχόμενος
1608 4577 1751 4672 ἐπωόζη.

380 4747 487 4812 Etiam
515 4747 575 4813 hae
602 4749 854 4815 narratiunculae
880 4750 1013 4815 eandem
1039 4750 1190 4833 originem
1218 4749 1333 4816 habere
1355 4751 1501 4818 videntur
1525 4773 1618 4837 quam
1647 4774 1693 4834 sa,
1719 4771 1800 4836 quae
1826 4750 1949 4819 Plinius
1977 4757 1996 4837 ξ
2024 4755 2073 4830 90,

228 4849 383 4917 Aelianus
405 4850 503 4933 vm,
525 4851 576 4933 25,
598 4851 787 4918 Plutarchus
809 4854 860 4933 31,
882 4855 902 4918 2
924 4875 971 4936 sq.
993 4853 1032 4918 de
1055 4853 1193 4918 amicitia
1214 4853 1336 4919 trochili
1360 4877 1431 4920 cum
1453 4856 1609 4924 crocodilo
1630 4856 1772 4923 tradunt:
