4626 5816
1146 378 1184 442 11

241 587 297 654 καὶ
319 571 512 669 τοξεύματα,
539 578 777 674 παριστάμενοι
799 589 867 657 τοῖς
892 582 1119 674 τετρωμένοις,
1207 584 1338 655 ἀκόντια
1360 583 1473 676 ὥσπερ
1495 579 1554 654 οὖν
1576 585 1782 675 χειρουργίας
1797 584 2017 674 ἐπιστήμονας
2032 591 2085 658 καὶ
2158 583 2161 590 ’

243 689 322 759 ι’ίνου
337 690 532 778 σπαραγμοῦ
554 687 676 779 ῥᾳδίως
698 689 752 754 καὶ
769 685 921 772 ἀβλαβῶς
935 687 1128 769 ἐξέλκουσιν.
1215 677 1385 774 μαθόντας
1408 684 1466 776 τήν
1487 685 1521 756 ἐν
1542 691 1651 766 τοῖσδε
1677 688 1806 778 σοφίαν.
1851 688 1943 760 Οὕτω
1966 693 2001 760 δὲ
2023 690 2088 784 ἄρα

308 793 359 873 22,
381 793 414 856 3:
449 791 560 879 ὥσπερ
591 785 632 860 αὖ
661 793 716 859 καὶ
742 792 807 859 τῶν
832 791 1003 876 ducalius,
1033 785 1127 872 ἆετὸς
1212 783 1249 880 ἦν
1275 791 1332 860 dui
1365 795 1510 876 σπουδῆς
1530 800 1601 868 τοῖς
1623 790 1690 860 ἄνω
1722 801 1781 861 τοῦ
1809 782 1925 882 χρόνου
1958 799 2011 864 καὶ
2044 795 2086 866 coi

243 897 303 982 μίν
337 885 356 963 ὁ
384 883 514 986 Πύρρος
540 893 637 984 ἥδετο
673 892 884 980 καλούμενος,
921 895 1015 988 ἱέραξ
1037 897 1073 964 δὲ
1105 888 1123 965 ὁ
1208 895 1309 985 ἄλογα
1326 927 1339 950 ·
1359 894 1468 988 ἔχαιρε
1490 897 1550 982 μὲν
1571 893 1698 966 ἀκούων
1715 889 1821 972 >tarde
1842 894 1860 964 ὁ
1881 893 2087 990 Ἠπειρώτης

241 999 403 1084 Ἀντίοχος.
1203 989 1344 1092 Ηίρρσς,
1367 999 1437 1068 tot
1458 999 1492 1069 τὸ
1514 998 1555 1088 δή
1578 999 1746 1086 λεγόμενον
1768 1001 1872 1090 Ἰέραξ
1887 995 2086 1088 ὁἈντίοχος.

395 1135 601 1202 Manifestum
623 1141 672 1200 est
685 1134 860 1216 Aelianum,
882 1157 953 1202 cum
975 1135 1137 1202 Plutarchi
1159 1138 1238 1203 libro
1259 1159 1333 1203 usus
1356 1158 1418 1202 non
1441 1139 1490 1218 sit,
1511 1137 1553 1202 ad
1575 1137 1708 1202 eundem
1728 1137 1846 1204 fontem
1870 1139 1969 1206 redire
1991 1147 2085 1224 atque

242 1238 334 1320 hunc,
360 1239 447 1323 quod
469 1239 610 1305 ordinem
632 1239 743 1323 ipsum,
770 1240 802 1304 in
824 1261 886 1323 quo
908 1241 1103 1307 narrationes
1129 1241 1274 1326 legerumt
1299 1243 1332 1307 in
1354 1241 1433 1307 libro
1455 1242 1590 1307 auctoris
1612 1241 1669 1322 sui,
1694 1243 1899 1308 retinuerunt
1943 1243 2085 1328 Respon-

240 1343 316 1409 dent
337 1344 421 1409 enim
444 1343 528 1428 apud

327 1447 393 1513 hel.
414 1446 486 1516 VH
507 1446 661 1533 capitibus
712 1449 753 1511 10
850 1449 892 1514 10
1032 1449 1072 1512 13
1211 1450 1252 1513 37
1347 1449 1392 1514 40
1486 1450 1529 1513 42
1618 1452 1661 1513 44
1777 1452 1820 1514 45
1953 1453 1996 1516 45

326 1550 487 1616 Plutarchi
509 1573 537 1616 c.
558 1573 584 1617 c.
691 1552 783 1632 13,8
828 1553 918 1632 13,s
966 1554 1143 1634 13,11.14
1189 1553 1281 1633 14,4
1327 1554 1418 1632 14,3
1462 1553 1553 1632 16,2
1599 1553 1691 1633 lua
1734 1555 1785 1633 20,
1805 1555 1869 1618 47
1915 1555 1965 1634 22,
1987 1556 2016 1619 3.

343 1671 482 1739 Tantum
503 1693 528 1736 c
552 1675 570 1737 1
593 1677 627 1737 et
648 1673 668 1736 8
690 1671 731 1736 ab
755 1670 884 1738 Aeliano
911 1681 944 1739 et
966 1695 991 1738 o.
1013 1675 1063 1754 21,
1088 1676 1104 1737 1
1128 1679 1160 1738 ct
1181 1674 1202 1737 2
1225 1695 1244 1737 a
1266 1671 1436 1739 Plutarcho
1462 1672 1513 1737 hic
1541 1673 1617 1739 ordo
1647 1673 1773 1739 tollitur.
1818 1672 1978 1740 Prioribus
2007 1675 2083 1742 locis

244 1783 374 1860 uterque
402 1777 542 1859 scriptor,
570 1776 696 1840 nomine
720 1773 845 1842 Ctesias
868 1775 973 1857 allatu
1003 1776 1095 1841 docet
1115 1775 1209 1841 boves
1233 1774 1384 1842 Susianos
1411 1778 1532 1841 numeri
1555 1777 1615 1842 rim
1646 1777 1834 1842 intellexisse
1862 1785 1894 1842 et
1919 1799 2083 1843 numerare

240 1882 386 1968 potuisse,
407 1879 629 1966 posterioribus
651 1880 752 1963 origes
767 1880 937 1964 Aegyptios
959 1881 1093 1946 siderum
1116 1885 1219 1945 motus
1240 1881 1356 1965 peritos
1377 1901 1454 1961 esse,
1476 1902 1548 1946 cum
1562 1899 1600 1946 eo
1614 1880 1664 1945 die
1687 1887 1719 1947 et
1740 1903 1779 1946 ea
1797 1881 1883 1964 hora,
1905 1903 1968 1965 qus
1983 1879 2083 1948 Sirius

240 1992 387 2066 oreretur,
415 2005 523 2049 rocem
551 1985 737 2048 emitterent.
781 1982 890 2049 Nihilo
918 1985 1019 2050 secius
1046 1983 1181 2050 dubitari
1210 1984 1325 2067 nequit,
1359 1985 1434 2068 quin
1462 1983 1557 2048 etiam
1579 1982 1612 2047 hi
1634 1982 1694 2049 loci
1721 2005 1760 2049 ex
1782 1984 1921 2050 eiusdem
1948 1985 2083 2051 auctoris

238 2091 361 2174 scriptis
382 2087 586 2154 manaverint

392 2201 540 2266 Eundem
561 2200 773 2266 narrationem
794 2199 933 2266 ordinem
956 2199 1023 2265 Ael.
1046 2199 1077 2263 in
1100 2198 1178 2264 libro
1202 2197 1290 2265 VIII
1311 2219 1436 2282 quoque
1457 2199 1599 2279 servavit,
1620 2220 1713 2282 quem
1735 2199 1818 2283 apud
1841 2221 1934 2266 suum
1954 2206 1987 2265 et
2007 2199 2082 2265 Plu·

240 2305 339 2372 tarchi
362 2313 521 2371 auctorem
544 2304 670 2369 invenit
716 2302 813 2384 VIII,
837 2304 854 2367 1
878 2309 911 2368 et
934 2305 986 2383 15,
1008 2304 1028 2367 3
1055 2302 1094 2367 de
1116 2301 1226 2367 robora
1248 2302 1328 2367 miro
1355 2323 1468 2367 canum
1491 2301 1680 2383 Indicorum,
1708 2301 1792 2385 quod
1815 2309 1849 2367 ut
1875 2308 2082 2385 cognosceret,

238 2409 416 2494 exemplum
439 2407 619 2474 Alexandro
640 2406 762 2490 Magno
783 2406 940 2490 prolatum
961 2412 1017 2484 eet,
1040 2405 1138 2487 VIII,
1161 2408 1181 2470 2
1204 2410 1236 2470 et
1260 2407 1307 2486 15,
1328 2409 1350 2470 4
1378 2405 1419 2471 de
1442 2406 1573 2472 venandi
1604 2405 1707 2470 studio
1737 2404 1845 2470 dicunt
1875 2427 1996 2485 canum,
2029 2407 2082 2490 qui

238 2514 360 2598 lepores
383 2532 461 2596 quos
484 2512 630 2597 ceperint,
660 2511 686 2575 si
708 2509 809 2590 lioeat,
831 2508 977 2591 lacerent,
1000 2507 1055 2574 sed
1076 2530 1153 2593 quos
1175 2515 1312 2574 momuos
1335 2509 1558 2594 indagaverint,
1580 2531 1643 2574 non
1667 2514 1808 2592 tangant
1846 2507 1882 2574 O.
1896 2514 1918 2573 4
1933 2508 2082 2576 Aelianus

236 2623 269 2683 et
291 2619 342 2696 23,
366 2617 383 2680 ‘l
407 2613 596 2681 Plutarchus
618 2614 785 2679 memoriae
808 2611 944 2697 produnt
965 2611 1002 2676 L.
1024 2611 1179 2677 Licinium
1203 2611 1352 2678 Crassum
1379 2619 1511 2678 mortem
1534 2633 1711 2693 muraenae,
1731 2633 1825 2696 quam
1848 2613 1915 2696 ipse
1937 2633 2081 2678 mansue·

235 2720 361 2800 fecerat,
393 2718 510 2784 luxisse
537 2723 569 2784 et
595 2738 615 2782 a
638 2715 701 2784 Gn.
723 2715 864 2782 Domitio
887 2714 1094 2781 Ahenobarbo
1123 2714 1162 2780 de
1184 2713 1245 2779 hac
1271 2737 1303 2782 re
1326 2716 1523 2800 obiurgatum
1551 2715 1651 2782 facete
1679 2722 1711 2782 et
1733 2715 1843 2782 acerbe
1871 2715 2080 2798 respondisse:

236 2814 298 2914 ἐγώ
319 2827 450 2916 θηρίον,
472 2820 513 2892 οὐ
536 2825 573 2891 di
593 2830 684 2911 τρεῖς
704 2828 856 2908 γυναῖκας
879 2809 999 2910 θάψας
1020 2817 1080 2889 οὐκ
1102 2816 1268 2896 ἔκλαυσας.
1312 2819 1353 2884 Ιιι
1375 2819 1492 2885 eisdem
1514 2819 1668 2903 capitibus
1689 2827 1819 2904 uterque
1847 2819 1989 2902 adiungit
2010 2842 2081 2885 nar-

235 2929 388 2994 rationem
410 2927 449 2992 de
472 2926 568 2992 sacris
583 2923 746 2990 crocodilis
761 2923 931 3008 Aegyptiis,
953 2923 1007 3006 qui
1021 2943 1111 2988 voces
1134 2923 1333 2990 sacerdotum
1355 2943 1408 2989 eos
1431 2923 1606 2988 curantium
1629 2923 1840 3007 agnoscebant
1854 2930 1886 2988 et
1900 2923 2081 2990 Ptolemaeo

234 3034 300 3116 regi
323 3030 484 3097 illecebras
513 3030 580 3095 eius
607 3034 789 3112 spumantes
810 3033 967 3092 maturum
989 3025 1147 3090 interitum
1170 3026 1395 3092 divinamrunt
1439 3029 1458 3109 ξ
1483 3028 1520 3090 11
1545 3025 1629 3092 Plut
1652 3027 1752 3111 pisces
1780 3027 1955 3092 divinantes
1984 3027 2080 3094 Surae

233 3136 266 3202 in
289 3136 356 3201 vico
378 3133 475 3219 Lycio
497 3134 579 3198 inter
599 3130 739 3198 Psellum
761 3138 793 3198 et
814 3129 940 3216 Myram
962 3131 1022 3196 sito
1043 3137 1272 3210 commemorat,
1294 3136 1330 3195 ut
1351 3129 1416 3195 hel
1439 3127 1536 3210 VIII,
1558 3131 1587 3195 5.

392 3254 428 3322 Ο.
450 3257 501 3334 24,
524 3256 545 3319 2
571 3252 685 3319 deinde
707 3252 769 3335 ille,
802 3261 838 3318 ut
866 3251 1059 3318 demonstret
1085 3251 1235 3318 animalia
1263 3251 1414 3336 aquatilia
1441 3271 1641 3334 nequaquam
1673 3251 1802 3316 rationis
1832 3253 1971 3335 expertia
2003 3273 2079 3333 esee,

235 3360 373 3426 ostendit
393 3358 515 3424 nullum
537 3357 663 3438 animal,
685 3356 769 3440 quod
790 3357 822 3420 in
845 3377 928 3440 aqua
942 3355 1039 3421 vitam
1060 3354 1164 3439 degat,
1185 3362 1309 3441 praeter
1330 3375 1369 3420 ea
1390 3376 1470 3439 quae
1493 3356 1619 3420 omnino
1643 3363 1730 3421 motu
1745 3353 1921 3420 voluntario
1943 3364 2079 3438 careant,

236 3469 303 3528 tam
316 3462 407 3528 facile
422 3462 491 3547 capi
507 3481 601 3545 quam
617 3461 722 3526 asinos
737 3481 757 3524 a
770 3460 861 3544 lupis,
877 3481 952 3544 apes
974 3481 994 3524 a
1008 3458 1194 3542 meropibus,
1210 3458 1332 3524 cicadae
1347 3458 1387 3524 ab
1402 3458 1628 3540 hinmdiuibus,
1651 3479 1770 3544 angues
1785 3480 1805 3523 a
1819 3459 1925 3524 cervis.
1955 3459 2078 3524 Eadem

234 3570 368 3632 testatm
390 3565 455 3630 hel.
476 3564 574 3646 VIII,
596 3567 626 3644 6,
647 3563 705 3629 sed
727 3563 753 3629 is
775 3565 926 3648 originem
948 3563 1032 3629 vocis
1053 3562 1178 3654 ἔλαφος
1198 3562 1429 3648 nonexplicat
1474 3561 1575 3628 (125
1602 3562 1653 3627 hic
1679 3563 1834 3628 amicitiae
1863 3561 1985 3628 truchili
2008 3585 2078 3629 cum

236 3669 393 3736 crocodilo
415 3670 603 3734 mentionem
625 3668 708 3748 tacit,
730 3688 822 3751 quem
838 3666 1043 3732 dormientem
1064 3667 1091 3731 si
1113 3665 1301 3732 ichneumon
1323 3687 1526 3750 aggressurus
1548 3665 1597 3747 sit,
1619 3665 1768 3732 trochilus
1790 3666 1830 3732 ab
1852 3666 1972 3732 insidiis
1987 3666 2078 3733 huius

236 3773 394 3840 defendat
436 3771 526 3838 Idem
547 3771 675 3837 exhibet
695 3771 779 3837 Plut
801 3773 851 3852 31,
873 3773 894 3836 2
916 3792 969 3855 sq,
995 3770 1051 3836 sed
1073 3771 1266 3836 mimicitiam
1293 3769 1507 3836 ichneumonis
1529 3771 1561 3834 in
1585 3768 1772 3835 crocodilum
1803 3792 1874 3836 cum
1901 3770 1973 3836 odio
1995 3770 2078 3836 illius

234 3877 353 3944 metae
374 3877 407 3942 in
429 3876 572 3960 aspidem
592 3875 785 3942 conhmdens
807 3874 883 3940 dicit
903 3873 1139 3940 ichneumonem
1161 3880 1272 3939 cosma
1292 3895 1413 3940 morsus
1435 3873 1581 3940 crocodih
1603 3872 1700 3938 lorica
1720 3873 1807 3939 lutea
1827 3895 1861 3940 se
1883 3875 2012 3940 munire.

388 3987 425 4056 O.
441 3990 483 4054 28
498 3989 632 4072 denique
650 3988 724 4068 Ael,
739 4008 764 4053 c.
777 3989 826 4068 32,
836 3990 858 4051 4
870 4008 915 4070 sq.
931 3984 1011 4051 Plut
1026 3985 1065 4051 dc
1080 3986 1182 4071 ellope
1198 3992 1230 4052 et
1243 3985 1353 4051 anthia
1367 3993 1537 4070 exponunt,
1556 4007 1611 4084 cur
1624 3987 1725 4070 pisces
1739 3985 1820 4051 sacri
1839 3987 1991 4050 nominati
2006 3987 2076 4052 sint

385 4107 494 4174 Etiam
516 4107 564 4174 his
587 4109 663 4174 locis
685 4108 761 4173 ordo
783 4107 997 4173 narrationum
1019 4106 1105 4191 apud
1127 4107 1192 4172 sel
1215 4113 1248 4172 et
1270 4106 1351 4172 Plut
1372 4105 1482 4172 similis
1504 4112 1565 4172 cst:

489 4219 555 4286 hel.
577 4219 667 4290 VIII
740 4224 755 4285 l
875 4222 896 4285 2
1009 4221 1031 4283 4
1159 4220 1180 4283 5
1308 4222 1329 4285 6
1468 4219 1510 4284 25
1668 4219 1710 4282 28
1775 4218 1943 4301 respondet

489 4324 655 4390 Plutarcho
701 4325 792 4406 15,3
837 4325 929 4405 15,4
973 4325 1064 4404 231
1109 4324 1222 4402 23,11
1268 4324 1362 4404 24,2
1405 4324 1456 4404 31,
1479 4325 1499 4388 2
1521 4345 1566 4407 sq.
1609 4323 1660 4403 32,
1682 4325 1704 4386 4
1727 4344 1782 4405 sq,

231 4444 264 4503 et
283 4435 378 4502 modo
400 4440 502 4520 cap.3
525 4437 673 4502 Aelianus
695 4436 835 4502 ordinem
859 4456 922 4501 non
943 4435 1085 4515 servant,
1106 4434 1161 4499 ubi
1182 4434 1344 4500 historiam
1365 4435 1404 4500 de
1426 4442 1515 4520 grato
1538 4436 1642 4501 animo
1664 4442 1696 4499 et
1717 4435 1834 4518 pietate
1857 4433 2074 4517 delphinorum

231 4561 305 4624 erga
327 4540 454 4606 Parium
477 4540 641 4624 quendam,
664 4542 788 4606 nomine
812 4539 998 4620 Coeranum,
1021 4544 1135 4620 narrat,
1164 4559 1258 4622 quam
1280 4538 1468 4605 Plutarchus
1491 4541 1581 4620 ces,
1598 4540 1638 4603 12
1660 4559 1732 4602 cum
1754 4537 1824 4602 aliis
1846 4539 2074 4604 narrationibus

233 4641 272 4708 de
292 4645 410 4727 pietate
440 4644 657 4729 delphinorum
686 4646 855 4728 coniungit
899 4643 951 4708 ux
971 4664 1124 4708 consensu
1145 4663 1260 4723 eorum,
1289 4663 1370 4726 quae
1392 4641 1432 4708 ab
1454 4642 1585 4709 Aeliano
1613 4647 1646 4706 et
1666 4640 1837 4707 Plutarcho
1868 4641 1965 4707 allata
1993 4649 2074 4724 sunt,

229 4749 429 4829 perspicuum
451 4755 500 4814 est
520 4755 686 4832 utrumque
708 4749 889 4832 scriptorem
912 4747 952 4812 ab
975 4746 1084 4813 eodem
1107 4752 1231 4812 aucwre
1253 4745 1503 4813 narratiunculas
1524 4751 1698 4829 compertas
1719 4744 1843 4812 habere.
1878 4745 1963 4812 Nam
1984 4768 2073 4831 prae·

231 4848 323 4933 cipue
345 4848 422 4916 libro
444 4851 534 4920 VIII
556 4852 706 4937 probatur
727 4850 927 4917 Plutarchum
951 4850 1073 4916 Aeliani
1096 4857 1253 4916 aucturam
1274 4870 1338 4914 non
1359 4849 1454 4916 icisse
1482 4849 1565 4934 quod
1587 4848 1716 4914 hauns
1742 4849 1781 4915 de
1805 4849 1933 4915 canibus
1956 4849 2073 4916 Indicis

1869 4969 1902 5028 2·
