<?xml version="1.0" encoding="UTF-8"?>
<!DOCTYPE html PUBLIC "-//W3C//DTD XHTML 1.0 Transitional//EN"
    "http://www.w3.org/TR/xhtml1/DTD/xhtml1-transitional.dtd">
<html xmlns="http://www.w3.org/1999/xhtml" xml:lang="en" lang="en">
 <head>
  <title>
</title>
<meta http-equiv="Content-Type" content="text/html;charset=utf-8" />
  <meta name='ocr-system' content='tesseract 3.04.00' />
  <meta name='ocr-capabilities' content='ocr_page ocr_carea ocr_par ocr_line ocrx_word'/>
</head>
<body>
  <div class='ocr_page' id='page_1' title='image "./devarroneplinii00ruscgoog_0010.png"; bbox 0 0 4626 5816; ppageno 0'>
   <div class='ocr_carea' id='block_1_1' title="bbox 243 614 760 2150">
    <p class='ocr_par' dir='ltr' id='par_1_1' title="bbox 243 614 760 2150">
     <span class='ocr_line' id='line_1_1' title="bbox 285 614 758 683; baseline -0.004 -1"><span class='ocrx_word' id='word_1_1' title='bbox 285 617 388 683; x_wconf 89' lang='lat' dir='ltr'><strong>Plin:</strong></span> <span class='ocrx_word' id='word_1_2' title='bbox 417 616 503 682; x_wconf 91' lang='lat' dir='ltr'><strong>hunc</strong></span> <span class='ocrx_word' id='word_1_3' title='bbox 527 621 668 682; x_wconf 81' lang='lat' dir='ltr'><strong>saturum</strong></span> <span class='ocrx_word' id='word_1_4' title='bbox 689 614 758 680; x_wconf 92' lang='lat' dir='ltr'><strong>cibo</strong></span> 
     </span>
     <span class='ocr_line' id='line_1_2' title="bbox 243 717 758 807; baseline -0.012 -18"><span class='ocrx_word' id='word_1_5' title='bbox 243 723 375 807; x_wconf 78' lang='lat' dir='ltr'><strong>piscium</strong></span> <span class='ocrx_word' id='word_1_6' title='bbox 397 725 430 786; x_wconf 85' lang='lat' dir='ltr'><strong>et</strong></span> <span class='ocrx_word' id='word_1_7' title='bbox 455 739 579 804; x_wconf 90' lang='lat' dir='ltr'><strong>semper</strong></span> <span class='ocrx_word' id='word_1_8' title='bbox 600 717 758 784; x_wconf 85' lang='lat' dir='ltr'><strong>esculento</strong></span> 
     </span>
     <span class='ocr_line' id='line_1_3' title="bbox 243 821 758 891; baseline -0.01 0"><span class='ocrx_word' id='word_1_9' title='bbox 243 846 298 891; x_wconf 88' lang='lat' dir='ltr'><strong>ore</strong></span> <span class='ocrx_word' id='word_1_10' title='bbox 325 825 358 890; x_wconf 90' lang='lat' dir='ltr'><strong>in</strong></span> <span class='ocrx_word' id='word_1_11' title='bbox 385 824 475 889; x_wconf 86' lang='lat' dir='ltr'><strong>litore</strong></span> <span class='ocrx_word' id='word_1_12' title='bbox 507 843 617 888; x_wconf 92' lang='lat' dir='ltr'><strong>somno</strong></span> <span class='ocrx_word' id='word_1_13' title='bbox 649 821 758 886; x_wconf 88' lang='lat' dir='ltr'><strong>datum</strong></span> 
     </span>
     <span class='ocr_line' id='line_1_4' title="bbox 244 923 759 1013; baseline -0.014 -19"><span class='ocrx_word' id='word_1_14' title='bbox 244 949 342 1013; x_wconf 84' lang='lat' dir='ltr'><strong>parva</strong></span> <span class='ocrx_word' id='word_1_15' title='bbox 356 927 429 1008; x_wconf 83' lang='lat' dir='ltr'><strong>avis,</strong></span> <span class='ocrx_word' id='word_1_16' title='bbox 451 945 532 1011; x_wconf 84' lang='lat' dir='ltr'><strong>quaa</strong></span> <span class='ocrx_word' id='word_1_17' title='bbox 547 925 696 991; x_wconf 81' lang='lat' dir='ltr'><strong>trochilus</strong></span> <span class='ocrx_word' id='word_1_18' title='bbox 716 923 759 988; x_wconf 93' lang='lat' dir='ltr'><strong>ibi</strong></span> 
     </span>
     <span class='ocr_line' id='line_1_5' title="bbox 245 1027 758 1114; baseline -0.012 -18"><span class='ocrx_word' id='word_1_19' title='bbox 245 1037 380 1114; x_wconf 84' lang='lat' dir='ltr'><strong>vocatur,</strong></span> <span class='ocrx_word' id='word_1_20' title='bbox 401 1053 455 1096; x_wconf 80' lang='grc' dir='ltr'><strong>νεα</strong></span> <span class='ocrx_word' id='word_1_21' title='bbox 473 1031 578 1095; x_wconf 83' lang='lat' dir='ltr'><strong>coium</strong></span> <span class='ocrx_word' id='word_1_22' title='bbox 598 1031 633 1093; x_wconf 82' lang='lat' dir='ltr'><strong>ia</strong></span> <span class='ocrx_word' id='word_1_23' title='bbox 652 1027 758 1103; x_wconf 79' lang='lat' dir='ltr'><strong>Italic,</strong></span> 
     </span>
     <span class='ocr_line' id='line_1_6' title="bbox 244 1129 759 1216; baseline -0.012 -15"><span class='ocrx_word' id='word_1_24' title='bbox 244 1136 356 1201; x_wconf 79' lang='lat' dir='ltr'><strong>inritat</strong></span> <span class='ocrx_word' id='word_1_25' title='bbox 391 1134 432 1200; x_wconf 84' lang='lat' dir='ltr'><strong>ad</strong></span> <span class='ocrx_word' id='word_1_26' title='bbox 467 1132 620 1199; x_wconf 91' lang='lat' dir='ltr'><strong>hiandum</strong></span> <span class='ocrx_word' id='word_1_27' title='bbox 651 1129 759 1216; x_wconf 80' lang='lat' dir='ltr'><strong>pabuli</strong></span> 
     </span>
     <span class='ocr_line' id='line_1_7' title="bbox 244 1235 758 1322; baseline -0.008 -18"><span class='ocrx_word' id='word_1_28' title='bbox 244 1237 293 1304; x_wconf 91' lang='lat' dir='ltr'><strong>sui</strong></span> <span class='ocrx_word' id='word_1_29' title='bbox 304 1238 414 1322; x_wconf 75' lang='grc' dir='ltr'><strong><em>ςτετίε,</em></strong></span> <span class='ocrx_word' id='word_1_30' title='bbox 428 1237 607 1322; x_wconf 88' lang='lat' dir='ltr'><strong>ospn&#39;mum</strong></span> <span class='ocrx_word' id='word_1_31' title='bbox 622 1237 689 1302; x_wconf 91' lang='lat' dir='ltr'><strong>eius</strong></span> <span class='ocrx_word' id='word_1_32' title='bbox 704 1235 758 1300; x_wconf 91' lang='lat' dir='ltr'><strong>ad·</strong></span> 
     </span>
     <span class='ocr_line' id='line_1_8' title="bbox 244 1339 759 1425; baseline -0.006 -18"><span class='ocrx_word' id='word_1_33' title='bbox 244 1342 350 1408; x_wconf 91' lang='lat' dir='ltr'><strong>sultim</strong></span> <span class='ocrx_word' id='word_1_34' title='bbox 361 1361 543 1425; x_wconf 80' lang='lat' dir='ltr'><strong>repurgans,</strong></span> <span class='ocrx_word' id='word_1_35' title='bbox 561 1362 634 1406; x_wconf 88' lang='lat' dir='ltr'><strong>mox</strong></span> <span class='ocrx_word' id='word_1_36' title='bbox 649 1339 759 1405; x_wconf 89' lang='lat' dir='ltr'><strong>dentes</strong></span> 
     </span>
     <span class='ocr_line' id='line_1_9' title="bbox 244 1443 760 1528; baseline -0.006 -17"><span class='ocrx_word' id='word_1_37' title='bbox 244 1451 277 1518; x_wconf 83' lang='lat' dir='ltr'><strong>et</strong></span> <span class='ocrx_word' id='word_1_38' title='bbox 307 1445 392 1510; x_wconf 85' lang='lat' dir='ltr'><strong>intus</strong></span> <span class='ocrx_word' id='word_1_39' title='bbox 424 1444 531 1510; x_wconf 83' lang='lat' dir='ltr'><strong>faucss</strong></span> <span class='ocrx_word' id='word_1_40' title='bbox 563 1464 689 1528; x_wconf 88' lang='lat' dir='ltr'><strong>quoque</strong></span> <span class='ocrx_word' id='word_1_41' title='bbox 717 1443 760 1508; x_wconf 90' lang='lat' dir='ltr'><strong>ad</strong></span> 
     </span>
     <span class='ocr_line' id='line_1_10' title="bbox 244 1547 759 1614; baseline -0.004 0"><span class='ocrx_word' id='word_1_42' title='bbox 244 1549 327 1614; x_wconf 89' lang='lat' dir='ltr'><strong>hunc</strong></span> <span class='ocrx_word' id='word_1_43' title='bbox 370 1547 518 1614; x_wconf 77' lang='lat' dir='ltr'><strong>scabendi</strong></span> <span class='ocrx_word' id='word_1_44' title='bbox 561 1547 759 1613; x_wconf 90' lang='lat' dir='ltr'><strong>dulcedinem</strong></span> 
     </span>
     <span class='ocr_line' id='line_1_11' title="bbox 244 1649 759 1736; baseline -0.01 -18"><span class='ocrx_word' id='word_1_45' title='bbox 244 1673 340 1736; x_wconf 89' lang='lat' dir='ltr'><strong>qnam</strong></span> <span class='ocrx_word' id='word_1_46' title='bbox 375 1651 510 1718; x_wconf 81' lang='lat' dir='ltr'><strong>maxims</strong></span> <span class='ocrx_word' id='word_1_47' title='bbox 545 1649 734 1732; x_wconf 77' lang='lat' dir='ltr'><strong>hiantes,</strong></span> <span class='ocrx_word' id='word_1_48' title='bbox 726 1672 759 1714; x_wconf 87' lang='lat' dir='ltr'><strong>m</strong></span> 
     </span>
     <span class='ocr_line' id='line_1_12' title="bbox 245 1755 759 1840; baseline -0.004 -19"><span class='ocrx_word' id='word_1_49' title='bbox 245 1777 311 1839; x_wconf 89' lang='lat' dir='ltr'><strong>qua</strong></span> <span class='ocrx_word' id='word_1_50' title='bbox 320 1755 479 1840; x_wconf 80' lang='lat' dir='ltr'><strong>uoluptate</strong></span> <span class='ocrx_word' id='word_1_51' title='bbox 493 1775 603 1820; x_wconf 90' lang='lat' dir='ltr'><strong>somno</strong></span> <span class='ocrx_word' id='word_1_52' title='bbox 618 1775 759 1839; x_wconf 88' lang='lat' dir='ltr'><strong>pressum</strong></span> 
     </span>
     <span class='ocr_line' id='line_1_13' title="bbox 246 1857 760 1944; baseline -0.002 -20"><span class='ocrx_word' id='word_1_53' title='bbox 246 1859 443 1944; x_wconf 75' lang='lat' dir='ltr'><strong>conspicatus</strong></span> <span class='ocrx_word' id='word_1_54' title='bbox 479 1857 667 1926; x_wconf 80' lang='lat' dir='ltr'><strong>ichneumon</strong></span> <span class='ocrx_word' id='word_1_55' title='bbox 704 1880 760 1944; x_wconf 83' lang='lat' dir='ltr'><strong>per</strong></span> 
     </span>
     <span class='ocr_line' id='line_1_14' title="bbox 246 1962 759 2030; baseline -0.006 0"><span class='ocrx_word' id='word_1_56' title='bbox 246 1963 372 2030; x_wconf 84' lang='lat' dir='ltr'><strong>easdem</strong></span> <span class='ocrx_word' id='word_1_57' title='bbox 396 1962 502 2028; x_wconf 80' lang='lat' dir='ltr'><strong>lauces</strong></span> <span class='ocrx_word' id='word_1_58' title='bbox 527 1968 564 2028; x_wconf 91' lang='lat' dir='ltr'><strong>ut</strong></span> <span class='ocrx_word' id='word_1_59' title='bbox 583 1962 682 2028; x_wconf 83' lang='lat' dir='ltr'><strong>tolum</strong></span> <span class='ocrx_word' id='word_1_60' title='bbox 704 1962 759 2028; x_wconf 90' lang='lat' dir='ltr'><strong>ali·</strong></span> 
     </span>
     <span class='ocr_line' id='line_1_15' title="bbox 245 2065 759 2150; baseline -0.002 -18"><span class='ocrx_word' id='word_1_61' title='bbox 245 2066 329 2150; x_wconf 93' lang='lat' dir='ltr'><strong>quod</strong></span> <span class='ocrx_word' id='word_1_62' title='bbox 350 2067 506 2134; x_wconf 89' lang='lat' dir='ltr'><strong>immissus</strong></span> <span class='ocrx_word' id='word_1_63' title='bbox 528 2065 630 2132; x_wconf 89' lang='lat' dir='ltr'><strong>erodit</strong></span> <span class='ocrx_word' id='word_1_64' title='bbox 646 2067 759 2131; x_wconf 81' lang='lat' dir='ltr'><strong>alvum</strong></span> 
     </span>
    </p>
   </div>
   <div class='ocr_carea' id='block_1_2' title="bbox 1157 409 1178 472">
    <p class='ocr_par' dir='ltr' id='par_1_2' title="bbox 1157 409 1178 472">
     <span class='ocr_line' id='line_1_16' title="bbox 1157 409 1178 472; baseline 0 0"><span class='ocrx_word' id='word_1_65' title='bbox 1157 409 1178 472; x_wconf 83' lang='lat'>5</span> 
     </span>
    </p>
   </div>
   <div class='ocr_carea' id='block_1_3' title="bbox 834 611 1403 1952">
    <p class='ocr_par' dir='ltr' id='par_1_3' title="bbox 834 611 1403 1952">
     <span class='ocr_line' id='line_1_17' title="bbox 878 611 1403 708; baseline 0.011 -30"><span class='ocrx_word' id='word_1_66' title='bbox 878 613 958 680; x_wconf 80' lang='lat' dir='ltr'><strong>tel:</strong></span> <span class='ocrx_word' id='word_1_67' title='bbox 1004 613 1107 700; x_wconf 77' lang='grc' dir='ltr'><strong><em>ὁμὲν</em></strong></span> <span class='ocrx_word' id='word_1_68' title='bbox 1134 617 1283 705; x_wconf 74' lang='grc' dir='ltr'><strong><em>τροχίλος</em></strong></span> <span class='ocrx_word' id='word_1_69' title='bbox 1312 611 1403 708; x_wconf 80' lang='grc' dir='ltr'><strong><em>ίρνις</em></strong></span> 
     </span>
     <span class='ocr_line' id='line_1_18' title="bbox 835 713 1399 804; baseline -0.002 -18"><span class='ocrx_word' id='word_1_70' title='bbox 835 719 904 788; x_wconf 85' lang='grc' dir='ltr'><strong><em>ε’στί</em></strong></span> <span class='ocrx_word' id='word_1_71' title='bbox 927 719 989 788; x_wconf 79' lang='grc' dir='ltr'><strong><em>τιόν</em></strong></span> <span class='ocrx_word' id='word_1_72' title='bbox 1010 717 1122 788; x_wconf 81' lang='grc' dir='ltr'><strong><em>ίλείων</em></strong></span> <span class='ocrx_word' id='word_1_73' title='bbox 1144 713 1203 800; x_wconf 87' lang='grc' dir='ltr'><strong><em>εἷς,</em></strong></span> <span class='ocrx_word' id='word_1_74' title='bbox 1230 722 1285 788; x_wconf 86' lang='grc' dir='ltr'><strong>καί</strong></span> <span class='ocrx_word' id='word_1_75' title='bbox 1308 716 1399 804; x_wconf 85' lang='grc' dir='ltr'><strong><em>πυροί</em></strong></span> 
     </span>
     <span class='ocr_line' id='line_1_19' title="bbox 835 819 1401 909; baseline 0.005 -21"><span class='ocrx_word' id='word_1_76' title='bbox 835 819 896 897; x_wconf 77' lang='grc' dir='ltr'><strong>τός</strong></span> <span class='ocrx_word' id='word_1_77' title='bbox 912 820 1021 905; x_wconf 74' lang='grc' dir='ltr'><strong><em>ὄχθας</em></strong></span> <span class='ocrx_word' id='word_1_78' title='bbox 1034 829 1096 893; x_wconf 77' lang='grc' dir='ltr'><strong>τῶν</strong></span> <span class='ocrx_word' id='word_1_79' title='bbox 1111 829 1265 909; x_wconf 80' lang='grc' dir='ltr'><strong><em>ποταμῶν</em></strong></span> <span class='ocrx_word' id='word_1_80' title='bbox 1280 819 1401 891; x_wconf 81' lang='grc' dir='ltr'><strong><em>όλᾰται</em></strong></span> 
     </span>
     <span class='ocr_line' id='line_1_20' title="bbox 835 917 1402 1017; baseline 0.004 -25"><span class='ocrx_word' id='word_1_81' title='bbox 835 927 891 994; x_wconf 90' lang='grc' dir='ltr'><strong>καί</strong></span> <span class='ocrx_word' id='word_1_82' title='bbox 926 923 979 995; x_wconf 87' lang='grc' dir='ltr'><strong>ότι</strong></span> <span class='ocrx_word' id='word_1_83' title='bbox 1012 917 1051 995; x_wconf 74' lang='lat' dir='ltr'><strong>dv</strong></span> <span class='ocrx_word' id='word_1_84' title='bbox 1085 925 1169 1017; x_wconf 79' lang='grc' dir='ltr'><strong><em>τύχῃ</em></strong></span> <span class='ocrx_word' id='word_1_85' title='bbox 1198 927 1402 1016; x_wconf 82' lang='grc' dir='ltr'><strong><em>παρεκλέγων</em></strong></span> 
     </span>
     <span class='ocr_line' id='line_1_21' title="bbox 834 1026 1401 1122; baseline 0.002 -24"><span class='ocrx_word' id='word_1_86' title='bbox 834 1028 994 1114; x_wconf 75' lang='grc' dir='ltr'><strong><em>βόσκεται,</em></strong></span> <span class='ocrx_word' id='word_1_87' title='bbox 1020 1031 1135 1122; x_wconf 79' lang='grc' dir='ltr'><strong><em>τρέφει</em></strong></span> <span class='ocrx_word' id='word_1_88' title='bbox 1163 1030 1201 1098; x_wconf 80' lang='lat' dir='ltr'><strong>dd</strong></span> <span class='ocrx_word' id='word_1_89' title='bbox 1226 1026 1326 1098; x_wconf 78' lang='grc' dir='ltr'><strong><em>αὐτόν</em></strong></span> <span class='ocrx_word' id='word_1_90' title='bbox 1347 1032 1401 1099; x_wconf 87' lang='grc' dir='ltr'><strong>καί</strong></span> 
     </span>
     <span class='ocr_line' id='line_1_22' title="bbox 835 1127 1401 1224; baseline 0 -22"><span class='ocrx_word' id='word_1_91' title='bbox 835 1133 1084 1224; x_wconf 83' lang='grc' dir='ltr'><strong><em>όκροκόδειλος</em></strong></span> <span class='ocrx_word' id='word_1_92' title='bbox 1116 1128 1167 1209; x_wconf 89' lang='grc' dir='ltr'><strong>οίς</strong></span> <span class='ocrx_word' id='word_1_93' title='bbox 1197 1127 1302 1203; x_wconf 78' lang='grc' dir='ltr'><strong><em>εἶπεν.</em></strong></span> <span class='ocrx_word' id='word_1_94' title='bbox 1346 1136 1401 1202; x_wconf 88' lang='grc' dir='ltr'><strong>καί</strong></span> 
     </span>
     <span class='ocr_line' id='line_1_23' title="bbox 835 1233 1402 1322; baseline 0.004 -16"><span class='ocrx_word' id='word_1_95' title='bbox 835 1238 957 1314; x_wconf 75' lang='grc' dir='ltr'><strong><em>ἐκεῖνος</em></strong></span> <span class='ocrx_word' id='word_1_96' title='bbox 970 1236 1069 1308; x_wconf 73' lang='grc' dir='ltr'><strong><em>αὐτόν</em></strong></span> <span class='ocrx_word' id='word_1_97' title='bbox 1083 1235 1257 1322; x_wconf 73' lang='grc' dir='ltr'><em>ἀμείβεται</em></span> <span class='ocrx_word' id='word_1_98' title='bbox 1278 1233 1402 1308; x_wconf 74' lang='grc' dir='ltr'><strong><em>καθεύ-</em></strong></span> 
     </span>
     <span class='ocr_line' id='line_1_24' title="bbox 835 1340 1402 1433; baseline 0.005 -24"><span class='ocrx_word' id='word_1_99' title='bbox 835 1340 1402 1470; x_wconf 76' lang='grc' dir='ltr'><strong><em>δοντοςπρομηδυῖοέχωνκαίόπερ·</em></strong></span> 
     </span>
     <span class='ocr_line' id='line_1_25' title="bbox 835 1443 1402 1570; baseline 0 -56"><span class='ocrx_word' id='word_1_100' title='bbox 835 1451 1006 1570; x_wconf 76' lang='grc' dir='ltr'><strong><em>αγριπνοίν</em></strong></span> <span class='ocrx_word' id='word_1_101' title='bbox 1034 1443 1161 1516; x_wconf 83' lang='grc' dir='ltr'><strong><em>αι’ποῦ·</em></strong></span> <span class='ocrx_word' id='word_1_102' title='bbox 1182 1445 1318 1532; x_wconf 75' lang='grc' dir='ltr'><strong><em>κειμένῳ</em></strong></span> <span class='ocrx_word' id='word_1_103' title='bbox 1344 1447 1402 1531; x_wconf 82' lang='grc' dir='ltr'><strong>μὲν</strong></span> 
     </span>
     <span class='ocr_line' id='line_1_26' title="bbox 835 1537 1402 1638; baseline 0 -22"><span class='ocrx_word' id='word_1_104' title='bbox 835 1537 896 1638; x_wconf 78' lang='grc' dir='ltr'><strong><em>γδρ</em></strong></span> <span class='ocrx_word' id='word_1_105' title='bbox 910 1546 998 1619; x_wconf 86' lang='grc' dir='ltr'><strong>καί</strong></span> <span class='ocrx_word' id='word_1_106' title='bbox 980 1546 1181 1620; x_wconf 84' lang='grc' dir='ltr'><strong><em>υπνοίιτοντι</em></strong></span> <span class='ocrx_word' id='word_1_107' title='bbox 1196 1537 1402 1634; x_wconf 67' lang='grc' dir='ltr'><strong><em>ἐπιβουλεύει</em></strong></span> 
     </span>
     <span class='ocr_line' id='line_1_27' title="bbox 836 1648 1402 1744; baseline -0.004 -22"><span class='ocrx_word' id='word_1_108' title='bbox 836 1649 1044 1738; x_wconf 88' lang='grc' dir='ltr'><strong><em>όίχνεύμσιν,</em></strong></span> <span class='ocrx_word' id='word_1_109' title='bbox 1066 1652 1161 1722; x_wconf 89' lang='grc' dir='ltr'><strong><em>καί’</em></strong></span> <span class='ocrx_word' id='word_1_110' title='bbox 1143 1648 1254 1743; x_wconf 83' lang='grc' dir='ltr'><strong><em>εμφός</em></strong></span> <span class='ocrx_word' id='word_1_111' title='bbox 1268 1679 1308 1740; x_wconf 84' lang='grc' dir='ltr'><strong>τη</strong></span> <span class='ocrx_word' id='word_1_112' title='bbox 1295 1651 1402 1744; x_wconf 75' lang='grc' dir='ltr'><strong><em>δίρῃ</em></strong></span> 
     </span>
     <span class='ocr_line' id='line_1_28' title="bbox 836 1751 1402 1839; baseline -0.004 -14"><span class='ocrx_word' id='word_1_113' title='bbox 836 1755 994 1837; x_wconf 76' lang='grc' dir='ltr'><strong><em>πολλάκις</em></strong></span> <span class='ocrx_word' id='word_1_114' title='bbox 1004 1753 1235 1839; x_wconf 75' lang='grc' dir='ltr'><strong><em>δπίπνιξεν’</em></strong></span> <span class='ocrx_word' id='word_1_115' title='bbox 1191 1755 1309 1826; x_wconf 88' lang='grc' dir='ltr'><strong><em>αυτόν·</em></strong></span> <span class='ocrx_word' id='word_1_116' title='bbox 1330 1751 1402 1826; x_wconf 68' lang='grc' dir='ltr'><strong><em>ἄλλ’</em></strong></span> 
     </span>
     <span class='ocr_line' id='line_1_29' title="bbox 836 1857 1400 1952; baseline 0.002 -23"><span class='ocrx_word' id='word_1_117' title='bbox 836 1857 901 1948; x_wconf 87' lang='grc' dir='ltr'><strong>όγε</strong></span> <span class='ocrx_word' id='word_1_118' title='bbox 908 1859 1061 1952; x_wconf 87' lang='grc' dir='ltr'><strong><em>τροχίλος</em></strong></span> <span class='ocrx_word' id='word_1_119' title='bbox 1070 1865 1138 1948; x_wconf 79' lang='grc' dir='ltr'><strong>βοᾷ</strong></span> <span class='ocrx_word' id='word_1_120' title='bbox 1151 1861 1206 1930; x_wconf 88' lang='grc' dir='ltr'><strong>καί</strong></span> <span class='ocrx_word' id='word_1_121' title='bbox 1215 1861 1309 1929; x_wconf 87' lang='grc' dir='ltr'><strong><em>παίει</em></strong></span> <span class='ocrx_word' id='word_1_122' title='bbox 1320 1859 1400 1930; x_wconf 74' lang='grc' dir='ltr'><strong><em>κατὰ</em></strong></span> 
     </span>
    </p>
   </div>
   <div class='ocr_carea' id='block_1_4' title="bbox 834 1957 1400 2159">
    <p class='ocr_par' dir='ltr' id='par_1_4' title="bbox 834 1957 1400 2159">
     <span class='ocr_line' id='line_1_30' title="bbox 835 1957 1400 2076; baseline -0.004 -44"><span class='ocrx_word' id='word_1_123' title='bbox 835 1968 895 2050; x_wconf 79' lang='grc' dir='ltr'><strong>τῆς</strong></span> <span class='ocrx_word' id='word_1_124' title='bbox 923 1963 1016 2056; x_wconf 75' lang='grc' dir='ltr'><strong><em>ῥινός</em></strong></span> <span class='ocrx_word' id='word_1_125' title='bbox 1045 1957 1141 2076; x_wconf 63' lang='lat' dir='ltr'><strong>citor</strong></span> <span class='ocrx_word' id='word_1_126' title='bbox 1172 1966 1227 2033; x_wconf 91' lang='grc' dir='ltr'><strong>καί</strong></span> <span class='ocrx_word' id='word_1_127' title='bbox 1254 1961 1400 2050; x_wconf 78' lang='grc' dir='ltr'><strong><em>διίστησι</em></strong></span> 
     </span>
     <span class='ocr_line' id='line_1_31' title="bbox 834 2065 1400 2159; baseline 0 -24"><span class='ocrx_word' id='word_1_128' title='bbox 834 2070 889 2136; x_wconf 88' lang='grc' dir='ltr'><strong>καί</strong></span> <span class='ocrx_word' id='word_1_129' title='bbox 911 2069 998 2159; x_wconf 84' lang='grc' dir='ltr'><strong><em>πρός</em></strong></span> <span class='ocrx_word' id='word_1_130' title='bbox 1024 2093 1076 2137; x_wconf 86' lang='grc' dir='ltr'><strong>τον</strong></span> <span class='ocrx_word' id='word_1_131' title='bbox 1105 2065 1400 2158; x_wconf 70' lang='grc' dir='ltr'><strong><em>ίχθρόνόποδηγει.</em></strong></span> 
     </span>
    </p>
   </div>
   <div class='ocr_carea' id='block_1_5' title="bbox 1476 611 2103 2250">
    <p class='ocr_par' dir='ltr' id='par_1_5' title="bbox 1476 611 2103 2250">
     <span class='ocr_line' id='line_1_32' title="bbox 1521 611 2096 705; baseline 0.016 -28"><span class='ocrx_word' id='word_1_132' title='bbox 1521 613 1623 679; x_wconf 91' lang='lat' dir='ltr'><strong>Plut:</strong></span> <span class='ocrx_word' id='word_1_133' title='bbox 1650 611 1669 682; x_wconf 92' lang='grc' dir='ltr'><strong><em>ό</em></strong></span> <span class='ocrx_word' id='word_1_134' title='bbox 1692 612 1753 703; x_wconf 81' lang='grc' dir='ltr'><strong><em>γόρ</em></strong></span> <span class='ocrx_word' id='word_1_135' title='bbox 1774 615 1924 705; x_wconf 75' lang='grc' dir='ltr'><strong><em>τροχίλος</em></strong></span> <span class='ocrx_word' id='word_1_136' title='bbox 1945 613 2015 684; x_wconf 73' lang='grc' dir='ltr'><strong><em>ἔστι</em></strong></span> <span class='ocrx_word' id='word_1_137' title='bbox 2036 617 2096 702; x_wconf 81' lang='grc' dir='ltr'><strong>μὲν</strong></span> 
     </span>
     <span class='ocr_line' id='line_1_33' title="bbox 1478 717 2103 808; baseline 0.003 -22"><span class='ocrx_word' id='word_1_138' title='bbox 1478 717 1566 808; x_wconf 86' lang='grc' dir='ltr'><strong><em>όρνις</em></strong></span> <span class='ocrx_word' id='word_1_139' title='bbox 1593 719 1660 787; x_wconf 78' lang='grc' dir='ltr'><strong><em>ταῖν</em></strong></span> <span class='ocrx_word' id='word_1_140' title='bbox 1686 717 1798 787; x_wconf 78' lang='grc' dir='ltr'><strong><em>ἑλείων</em></strong></span> <span class='ocrx_word' id='word_1_141' title='bbox 1824 721 1878 787; x_wconf 89' lang='grc' dir='ltr'><strong>καί</strong></span> <span class='ocrx_word' id='word_1_142' title='bbox 1905 723 2103 808; x_wconf 87' lang='grc' dir='ltr'><strong><em>παροποτα-“</em></strong></span> 
     </span>
     <span class='ocr_line' id='line_1_34' title="bbox 1477 817 2097 913; baseline 0.005 -24"><span class='ocrx_word' id='word_1_143' title='bbox 1477 823 1572 908; x_wconf 89' lang='grc' dir='ltr'><strong><em>μίων,</em></strong></span> <span class='ocrx_word' id='word_1_144' title='bbox 1584 819 2031 913; x_wconf 84' lang='grc' dir='ltr'><strong><em>φρουρεῖδὲτόνκροκόδειλον</em></strong></span> <span class='ocrx_word' id='word_1_145' title='bbox 2040 817 2097 892; x_wconf 87' lang='grc' dir='ltr'><strong>ούκ</strong></span> 
     </span>
     <span class='ocr_line' id='line_1_35' title="bbox 1477 921 2097 1014; baseline 0.006 -22"><span class='ocrx_word' id='word_1_146' title='bbox 1477 921 1641 1005; x_wconf 76' lang='grc' dir='ltr'><strong><em>οἰκόσιτος</em></strong></span> <span class='ocrx_word' id='word_1_147' title='bbox 1656 922 1739 993; x_wconf 81' lang='grc' dir='ltr'><strong><em>όλλοί</em></strong></span> <span class='ocrx_word' id='word_1_148' title='bbox 1758 932 1829 1006; x_wconf 89' lang='grc' dir='ltr'><strong><em>τοῖς</em></strong></span> <span class='ocrx_word' id='word_1_149' title='bbox 1844 925 1965 994; x_wconf 80' lang='grc' dir='ltr'><strong><em>ἐκείνου</em></strong></span> <span class='ocrx_word' id='word_1_150' title='bbox 1980 925 2097 1014; x_wconf 77' lang='grc' dir='ltr'><strong><em>λειψά-</em></strong></span> 
     </span>
     <span class='ocr_line' id='line_1_36' title="bbox 1477 1024 2096 1121; baseline 0.003 -24"><span class='ocrx_word' id='word_1_151' title='bbox 1477 1055 1545 1109; x_wconf 83' lang='grc' dir='ltr'><strong><em>νοις</em></strong></span> <span class='ocrx_word' id='word_1_152' title='bbox 1579 1024 1873 1121; x_wconf 76' lang='grc' dir='ltr'><strong><em>παρατρεφόμενος</em></strong></span> <span class='ocrx_word' id='word_1_153' title='bbox 1894 1064 1900 1077; x_wconf 91' lang='lat'><em>·</em></span> <span class='ocrx_word' id='word_1_154' title='bbox 1923 1027 2002 1098; x_wconf 85' lang='grc' dir='ltr'><strong><em>ὅταν</em></strong></span> <span class='ocrx_word' id='word_1_155' title='bbox 2034 1028 2096 1120; x_wconf 79' lang='grc' dir='ltr'><strong><em>γδρ</em></strong></span> 
     </span>
     <span class='ocr_line' id='line_1_37' title="bbox 1478 1130 2096 1222; baseline 0 -19"><span class='ocrx_word' id='word_1_156' title='bbox 1478 1137 1636 1219; x_wconf 70' lang='grc' dir='ltr'><strong><em>αίσῧηται</em></strong></span> <span class='ocrx_word' id='word_1_157' title='bbox 1664 1131 1723 1200; x_wconf 81' lang='grc' dir='ltr'><strong>τοῦ</strong></span> <span class='ocrx_word' id='word_1_158' title='bbox 1743 1134 1950 1222; x_wconf 79' lang='grc' dir='ltr'><strong><em>κροκοδείλου</em></strong></span> <span class='ocrx_word' id='word_1_159' title='bbox 1977 1130 2096 1204; x_wconf 73' lang='grc' dir='ltr'><strong><em>καθεύ-</em></strong></span> 
     </span>
     <span class='ocr_line' id='line_1_38' title="bbox 1477 1231 2097 1323; baseline 0.005 -20"><span class='ocrx_word' id='word_1_160' title='bbox 1477 1231 2097 1323; x_wconf 81' lang='grc' dir='ltr'><strong><em>δοντος,ίπιβουλεύοντατόνίχνεύμονα</em></strong></span> 
     </span>
     <span class='ocr_line' id='line_1_39' title="bbox 1478 1328 2095 1432; baseline 0.002 -23"><span class='ocrx_word' id='word_1_161' title='bbox 1478 1328 1678 1426; x_wconf 73' lang='grc' dir='ltr'><strong><em>πηλούμενον</em></strong></span> <span class='ocrx_word' id='word_1_162' title='bbox 1703 1341 1758 1408; x_wconf 87' lang='grc' dir='ltr'><strong>καί</strong></span> <span class='ocrx_word' id='word_1_163' title='bbox 1783 1335 1836 1406; x_wconf 81' lang='grc' dir='ltr'><strong>ἐπ’</strong></span> <span class='ocrx_word' id='word_1_164' title='bbox 1863 1335 1963 1407; x_wconf 88' lang='grc' dir='ltr'><strong><em>αότόν</em></strong></span> <span class='ocrx_word' id='word_1_165' title='bbox 1984 1337 2095 1432; x_wconf 80' lang='grc' dir='ltr'><strong><em>ὥσπερ</em></strong></span> 
     </span>
     <span class='ocr_line' id='line_1_40' title="bbox 1476 1439 2096 1532; baseline 0.002 -20"><span class='ocrx_word' id='word_1_166' title='bbox 1476 1439 2096 1532; x_wconf 70' lang='grc' dir='ltr'><strong><em>ἆθλητὴνκονιόμενονβπεγείρειφθεγ-</em></strong></span> 
     </span>
     <span class='ocr_line' id='line_1_41' title="bbox 1476 1545 2098 1636; baseline -0.002 -20"><span class='ocrx_word' id='word_1_167' title='bbox 1476 1546 1608 1636; x_wconf 78' lang='grc' dir='ltr'><strong><em>ρόμενος</em></strong></span> <span class='ocrx_word' id='word_1_168' title='bbox 1627 1550 1678 1617; x_wconf 90' lang='grc' dir='ltr'><strong>καί</strong></span> <span class='ocrx_word' id='word_1_169' title='bbox 1702 1545 1883 1616; x_wconf 75' lang='grc' dir='ltr'><strong><em>κολάπτων.</em></strong></span> <span class='ocrx_word' id='word_1_170' title='bbox 1906 1547 1975 1616; x_wconf 83' lang='grc' dir='ltr'><strong><em>όδί</em></strong></span> <span class='ocrx_word' id='word_1_171' title='bbox 1994 1547 2098 1628; x_wconf 80' lang='grc' dir='ltr'><strong><em>οὕτως</em></strong></span> 
     </span>
     <span class='ocr_line' id='line_1_42' title="bbox 1476 1645 2097 1778; baseline 0 -57"><span class='ocrx_word' id='word_1_172' title='bbox 1476 1653 1688 1778; x_wconf 76' lang='grc' dir='ltr'><strong><em>ἐξημεροῦται</em></strong></span> <span class='ocrx_word' id='word_1_173' title='bbox 1710 1648 1797 1743; x_wconf 81' lang='grc' dir='ltr'><strong><em>πρός</em></strong></span> <span class='ocrx_word' id='word_1_174' title='bbox 1810 1645 1915 1730; x_wconf 67' lang='lat' dir='ltr'><strong>alda,</strong></span> <span class='ocrx_word' id='word_1_175' title='bbox 1937 1650 2017 1720; x_wconf 82' lang='grc' dir='ltr'><strong><em>ὥστε</em></strong></span> <span class='ocrx_word' id='word_1_176' title='bbox 2036 1656 2097 1721; x_wconf 83' lang='grc' dir='ltr'><strong>τοῦ</strong></span> 
     </span>
     <span class='ocr_line' id='line_1_43' title="bbox 1477 1753 2095 1846; baseline 0 -22"><span class='ocrx_word' id='word_1_177' title='bbox 1477 1755 1635 1841; x_wconf 84' lang='grc' dir='ltr'><strong><em>στόματος</em></strong></span> <span class='ocrx_word' id='word_1_178' title='bbox 1655 1754 1816 1838; x_wconf 76' lang='grc' dir='ltr'><strong><em>διαχανοίν</em></strong></span> <span class='ocrx_word' id='word_1_179' title='bbox 1842 1753 1930 1829; x_wconf 71' lang='grc' dir='ltr'><strong><em>ἐκτός</em></strong></span> <span class='ocrx_word' id='word_1_180' title='bbox 1958 1757 2095 1846; x_wconf 83' lang='grc' dir='ltr'><strong><em>παρίησι</em></strong></span> 
     </span>
     <span class='ocr_line' id='line_1_44' title="bbox 1477 1854 2096 1950; baseline 0.003 -24"><span class='ocrx_word' id='word_1_181' title='bbox 1477 1860 1532 1928; x_wconf 89' lang='grc' dir='ltr'><strong>καί</strong></span> <span class='ocrx_word' id='word_1_182' title='bbox 1554 1857 1662 1950; x_wconf 91' lang='grc' dir='ltr'><strong><em>χαίρει</em></strong></span> <span class='ocrx_word' id='word_1_183' title='bbox 1686 1855 1732 1924; x_wconf 79' lang='grc' dir='ltr'><strong>τό</strong></span> <span class='ocrx_word' id='word_1_184' title='bbox 1756 1855 1862 1926; x_wconf 85' lang='grc' dir='ltr'><strong><em>λεπτοί</em></strong></span> <span class='ocrx_word' id='word_1_185' title='bbox 1885 1863 1948 1926; x_wconf 77' lang='grc' dir='ltr'><strong><em>τείν</em></strong></span> <span class='ocrx_word' id='word_1_186' title='bbox 1973 1854 2096 1942; x_wconf 76' lang='grc' dir='ltr'><strong><em>ἐνισχυ-</em></strong></span> 
     </span>
     <span class='ocr_line' id='line_1_45' title="bbox 1476 1954 2096 2054; baseline 0 -24"><span class='ocrx_word' id='word_1_187' title='bbox 1476 1961 1581 2048; x_wconf 82' lang='grc' dir='ltr'><strong><em>μένων</em></strong></span> <span class='ocrx_word' id='word_1_188' title='bbox 1608 1969 1678 2041; x_wconf 85' lang='grc' dir='ltr'><strong><em>τοῖς</em></strong></span> <span class='ocrx_word' id='word_1_189' title='bbox 1711 1954 1825 2030; x_wconf 82' lang='grc' dir='ltr'><strong><em>όδοῦσι</em></strong></span> <span class='ocrx_word' id='word_1_190' title='bbox 1856 1969 1981 2054; x_wconf 82' lang='grc' dir='ltr'><strong><em>σαρκῶν</em></strong></span> <span class='ocrx_word' id='word_1_191' title='bbox 2009 1961 2096 2030; x_wconf 83' lang='grc' dir='ltr'><strong><em>ίκλί·</em></strong></span> 
     </span>
     <span class='ocr_line' id='line_1_46' title="bbox 1477 2054 2097 2157; baseline -0.003 -22"><span class='ocrx_word' id='word_1_192' title='bbox 1477 2088 1588 2150; x_wconf 62' lang='lat' dir='ltr'><strong>yones</strong></span> <span class='ocrx_word' id='word_1_193' title='bbox 1603 2063 1727 2152; x_wconf 83' lang='grc' dir='ltr'><strong><em>οίτρίμα</em></strong></span> <span class='ocrx_word' id='word_1_194' title='bbox 1747 2069 1797 2151; x_wconf 74' lang='grc' dir='ltr'><strong>τῷ</strong></span> <span class='ocrx_word' id='word_1_195' title='bbox 1811 2054 1934 2157; x_wconf 77' lang='grc' dir='ltr'><strong><em>ρύμφει</em></strong></span> <span class='ocrx_word' id='word_1_196' title='bbox 1953 2069 2009 2134; x_wconf 89' lang='grc' dir='ltr'><strong>καί</strong></span> <span class='ocrx_word' id='word_1_197' title='bbox 2023 2068 2097 2133; x_wconf 90' lang='grc' dir='ltr'><strong><em>δια-</em></strong></span> 
     </span>
     <span class='ocr_line' id='line_1_47' title="bbox 1478 2165 1857 2250; baseline -0.016 -12"><span class='ocrx_word' id='word_1_198' title='bbox 1478 2165 1700 2249; x_wconf 84' lang='grc' dir='ltr'><strong><em>σκαλεύοντος.</em></strong></span> <span class='ocrx_word' id='word_1_199' title='bbox 1731 2188 1757 2232; x_wconf 91' lang='lat' dir='ltr'><strong>c.</strong></span> <span class='ocrx_word' id='word_1_200' title='bbox 1780 2190 1812 2250; x_wconf 88' lang='lat' dir='ltr'><strong>q.</strong></span> <span class='ocrx_word' id='word_1_201' title='bbox 1833 2189 1857 2234; x_wconf 91' lang='grc' dir='ltr'><strong>ε.</strong></span> 
     </span>
    </p>
   </div>
   <div class='ocr_carea' id='block_1_6' title="bbox 246 2321 2096 2618">
    <p class='ocr_par' dir='ltr' id='par_1_6' title="bbox 246 2321 2096 2618">
     <span class='ocr_line' id='line_1_48' title="bbox 401 2321 2095 2408; baseline -0.001 -18"><span class='ocrx_word' id='word_1_202' title='bbox 401 2323 475 2390; x_wconf 90' lang='grc' dir='ltr'><strong>Ηοο</strong></span> <span class='ocrx_word' id='word_1_203' title='bbox 497 2325 565 2390; x_wconf 88' lang='grc' dir='ltr'><strong><em>Ιοσο</em></strong></span> <span class='ocrx_word' id='word_1_204' title='bbox 588 2324 627 2390; x_wconf 83' lang='grc' dir='ltr'><strong>δε</strong></span> <span class='ocrx_word' id='word_1_205' title='bbox 649 2331 775 2390; x_wconf 88' lang='lat' dir='ltr'><strong>auctore</strong></span> <span class='ocrx_word' id='word_1_206' title='bbox 797 2323 893 2390; x_wconf 90' lang='lat' dir='ltr'><strong>Plinii</strong></span> <span class='ocrx_word' id='word_1_207' title='bbox 920 2325 1033 2392; x_wconf 84' lang='lat' dir='ltr'><strong>certius</strong></span> <span class='ocrx_word' id='word_1_208' title='bbox 1055 2325 1173 2408; x_wconf 88' lang='lat' dir='ltr'><strong>aliquid</strong></span> <span class='ocrx_word' id='word_1_209' title='bbox 1195 2325 1290 2392; x_wconf 87' lang='lat' dir='ltr'><strong>statui</strong></span> <span class='ocrx_word' id='word_1_210' title='bbox 1312 2324 1393 2390; x_wconf 89' lang='lat' dir='ltr'><strong>licet.</strong></span> <span class='ocrx_word' id='word_1_211' title='bbox 1438 2321 1523 2390; x_wconf 89' lang='lat' dir='ltr'><strong>Nam</strong></span> <span class='ocrx_word' id='word_1_212' title='bbox 1545 2323 1628 2408; x_wconf 92' lang='lat' dir='ltr'><strong>quod</strong></span> <span class='ocrx_word' id='word_1_213' title='bbox 1650 2323 1772 2390; x_wconf 88' lang='lat' dir='ltr'><strong>Plinius</strong></span> <span class='ocrx_word' id='word_1_214' title='bbox 1800 2323 1964 2390; x_wconf 88' lang='lat' dir='ltr'><strong>trochilum</strong></span> <span class='ocrx_word' id='word_1_215' title='bbox 1990 2345 2095 2408; x_wconf 79' lang='lat' dir='ltr'><strong>regem</strong></span> 
     </span>
     <span class='ocr_line' id='line_1_49' title="bbox 246 2426 2095 2521; baseline 0.005 -28"><span class='ocrx_word' id='word_1_216' title='bbox 246 2429 350 2494; x_wconf 81' lang='lat' dir='ltr'><strong>avium</strong></span> <span class='ocrx_word' id='word_1_217' title='bbox 377 2428 410 2492; x_wconf 89' lang='lat' dir='ltr'><strong>iu</strong></span> <span class='ocrx_word' id='word_1_218' title='bbox 432 2427 529 2494; x_wconf 87' lang='lat' dir='ltr'><strong>Italia</strong></span> <span class='ocrx_word' id='word_1_219' title='bbox 550 2427 697 2513; x_wconf 76' lang='lat' dir='ltr'><strong>appellat,</strong></span> <span class='ocrx_word' id='word_1_220' title='bbox 724 2428 783 2494; x_wconf 88' lang='lat' dir='ltr'><strong>etsi</strong></span> <span class='ocrx_word' id='word_1_221' title='bbox 805 2427 987 2494; x_wconf 80' lang='lat' dir='ltr'><strong>Aristoteles</strong></span> <span class='ocrx_word' id='word_1_222' title='bbox 1008 2427 1039 2493; x_wconf 91' lang='lat' dir='ltr'><strong>h.</strong></span> <span class='ocrx_word' id='word_1_223' title='bbox 1061 2451 1089 2494; x_wconf 87' lang='lat' dir='ltr'><strong>a</strong></span> <span class='ocrx_word' id='word_1_224' title='bbox 1112 2430 1141 2510; x_wconf 88' lang='lat'><strong>9,</strong></span> <span class='ocrx_word' id='word_1_225' title='bbox 1166 2431 1214 2510; x_wconf 92' lang='lat'><strong>11,</strong></span> <span class='ocrx_word' id='word_1_226' title='bbox 1236 2429 1300 2494; x_wconf 86' lang='grc'><strong>615</strong></span> <span class='ocrx_word' id='word_1_227' title='bbox 1323 2427 1355 2493; x_wconf 81' lang='grc' dir='ltr'><strong>Α</strong></span> <span class='ocrx_word' id='word_1_228' title='bbox 1381 2429 1419 2493; x_wconf 87' lang='grc'><strong>19</strong></span> <span class='ocrx_word' id='word_1_229' title='bbox 1446 2443 1517 2492; x_wconf 90' lang='lat' dir='ltr'><strong>eum</strong></span> <span class='ocrx_word' id='word_1_230' title='bbox 1545 2428 1638 2494; x_wconf 92' lang='lat' dir='ltr'><strong>modo</strong></span> <span class='ocrx_word' id='word_1_231' title='bbox 1662 2431 1828 2521; x_wconf 72' lang='grc' dir='ltr'><strong><em>,πρέσβυς</em></strong></span> <span class='ocrx_word' id='word_1_232' title='bbox 1849 2432 1901 2497; x_wconf 85' lang='grc' dir='ltr'><strong>καί</strong></span> <span class='ocrx_word' id='word_1_233' title='bbox 1923 2426 2095 2514; x_wconf 80' lang='grc' dir='ltr'><strong><em>βασιλεός“</em></strong></span> 
     </span>
     <span class='ocr_line' id='line_1_50' title="bbox 246 2530 2096 2618; baseline 0 -22"><span class='ocrx_word' id='word_1_234' title='bbox 246 2531 397 2614; x_wconf 68' lang='lat' dir='ltr'><strong>nominat,</strong></span> <span class='ocrx_word' id='word_1_235' title='bbox 418 2531 578 2618; x_wconf 85' lang='lat' dir='ltr'><strong>probatur,</strong></span> <span class='ocrx_word' id='word_1_236' title='bbox 600 2554 671 2598; x_wconf 90' lang='lat' dir='ltr'><strong>cum</strong></span> <span class='ocrx_word' id='word_1_237' title='bbox 693 2554 731 2597; x_wconf 89' lang='lat' dir='ltr'><strong>ea</strong></span> <span class='ocrx_word' id='word_1_238' title='bbox 753 2532 847 2599; x_wconf 84' lang='lat' dir='ltr'><strong>verba</strong></span> <span class='ocrx_word' id='word_1_239' title='bbox 869 2531 1025 2615; x_wconf 69' lang='lat' dir='ltr'><strong>scriberet,</strong></span> <span class='ocrx_word' id='word_1_240' title='bbox 1053 2538 1109 2598; x_wconf 90' lang='lat' dir='ltr'><strong>aut</strong></span> <span class='ocrx_word' id='word_1_241' title='bbox 1127 2531 1307 2617; x_wconf 90' lang='lat' dir='ltr'><strong>scriptorem</strong></span> <span class='ocrx_word' id='word_1_242' title='bbox 1331 2531 1510 2598; x_wconf 60' lang='lat' dir='ltr'><strong>&amp;manum</strong></span> <span class='ocrx_word' id='word_1_243' title='bbox 1533 2537 1589 2596; x_wconf 87' lang='lat' dir='ltr'><strong>aut</strong></span> <span class='ocrx_word' id='word_1_244' title='bbox 1610 2532 1735 2614; x_wconf 83' lang='lat' dir='ltr'><strong>liuguae</strong></span> <span class='ocrx_word' id='word_1_245' title='bbox 1758 2538 1792 2596; x_wconf 88' lang='lat' dir='ltr'><strong>et</strong></span> <span class='ocrx_word' id='word_1_246' title='bbox 1812 2553 1914 2598; x_wconf 90' lang='lat' dir='ltr'><strong>rerum</strong></span> <span class='ocrx_word' id='word_1_247' title='bbox 1937 2530 2096 2596; x_wconf 86' lang='lat' dir='ltr'><strong>Romana·</strong></span> 
     </span>
    </p>
   </div>
   <div class='ocr_carea' id='block_1_7' title="bbox 247 2625 2096 3033">
    <p class='ocr_par' dir='ltr' id='par_1_7' title="bbox 247 2625 2096 3033">
     <span class='ocr_line' id='line_1_51' title="bbox 248 2625 2096 2724; baseline 0.001 -22"><span class='ocrx_word' id='word_1_248' title='bbox 248 2659 317 2702; x_wconf 89' lang='lat' dir='ltr'><strong>rum</strong></span> <span class='ocrx_word' id='word_1_249' title='bbox 340 2638 474 2721; x_wconf 91' lang='lat' dir='ltr'><strong>peritum</strong></span> <span class='ocrx_word' id='word_1_250' title='bbox 496 2637 526 2701; x_wconf 90' lang='lat' dir='ltr'><strong>ei</strong></span> <span class='ocrx_word' id='word_1_251' title='bbox 548 2637 581 2700; x_wconf 93' lang='lat' dir='ltr'><strong>in</strong></span> <span class='ocrx_word' id='word_1_252' title='bbox 603 2636 747 2702; x_wconf 88' lang='lat' dir='ltr'><strong>manibus</strong></span> <span class='ocrx_word' id='word_1_253' title='bbox 768 2637 871 2703; x_wconf 79' lang='lat' dir='ltr'><strong>brisso.</strong></span> <span class='ocrx_word' id='word_1_254' title='bbox 905 2636 1094 2703; x_wconf 71' lang='lat' dir='ltr'><strong>Plutarchus</strong></span> <span class='ocrx_word' id='word_1_255' title='bbox 1116 2636 1242 2702; x_wconf 85' lang='lat' dir='ltr'><strong>vocibus</strong></span> <span class='ocrx_word' id='word_1_256' title='bbox 1263 2625 1467 2724; x_wconf 86' lang='grc' dir='ltr'><strong><em>πηλούμετον</em></strong></span> <span class='ocrx_word' id='word_1_257' title='bbox 1489 2639 1544 2704; x_wconf 87' lang='grc' dir='ltr'><strong>καί</strong></span> <span class='ocrx_word' id='word_1_258' title='bbox 1567 2629 1619 2704; x_wconf 78' lang='grc' dir='ltr'><strong>ἐπ’</strong></span> <span class='ocrx_word' id='word_1_259' title='bbox 1642 2632 1740 2705; x_wconf 72' lang='grc' dir='ltr'><strong><em>αὐτόν</em></strong></span> <span class='ocrx_word' id='word_1_260' title='bbox 1760 2627 1804 2712; x_wconf 82' lang='grc' dir='ltr'><strong><em>ὦς</em></strong></span> <span class='ocrx_word' id='word_1_261' title='bbox 1824 2633 1973 2722; x_wconf 70' lang='grc' dir='ltr'><strong><em>ἀθλητήν</em></strong></span> <span class='ocrx_word' id='word_1_262' title='bbox 1993 2629 2096 2704; x_wconf 86' lang='grc' dir='ltr'><strong><em>κονιό-</em></strong></span> 
     </span>
     <span class='ocr_line' id='line_1_52' title="bbox 247 2737 2096 2826; baseline -0.003 -16"><span class='ocrx_word' id='word_1_263' title='bbox 247 2766 344 2826; x_wconf 88' lang='grc' dir='ltr'><strong><em>μενον</em></strong></span> <span class='ocrx_word' id='word_1_264' title='bbox 370 2743 403 2806; x_wconf 85' lang='grc' dir='ltr'><strong><em>ἰα</em></strong></span> <span class='ocrx_word' id='word_1_265' title='bbox 431 2740 565 2806; x_wconf 91' lang='lat' dir='ltr'><strong>eundem</strong></span> <span class='ocrx_word' id='word_1_266' title='bbox 593 2759 728 2806; x_wconf 81' lang='lat' dir='ltr'><strong>errorem</strong></span> <span class='ocrx_word' id='word_1_267' title='bbox 750 2740 860 2806; x_wconf 88' lang='lat' dir='ltr'><strong>incidit</strong></span> <span class='ocrx_word' id='word_1_268' title='bbox 886 2745 980 2824; x_wconf 82' lang='lat' dir='ltr'><strong>atque</strong></span> <span class='ocrx_word' id='word_1_269' title='bbox 1002 2761 1028 2806; x_wconf 92' lang='lat' dir='ltr'><strong>c.</strong></span> <span class='ocrx_word' id='word_1_270' title='bbox 1052 2743 1102 2820; x_wconf 94' lang='grc'><strong>10,</strong></span> <span class='ocrx_word' id='word_1_271' title='bbox 1122 2743 1154 2821; x_wconf 83' lang='grc'><strong>4,</strong></span> <span class='ocrx_word' id='word_1_272' title='bbox 1174 2761 1314 2825; x_wconf 83' lang='lat' dir='ltr'><strong>pugnam</strong></span> <span class='ocrx_word' id='word_1_273' title='bbox 1341 2739 1555 2804; x_wconf 86' lang='lat' dir='ltr'><strong>ichneumonis</strong></span> <span class='ocrx_word' id='word_1_274' title='bbox 1577 2745 1610 2804; x_wconf 88' lang='lat' dir='ltr'><strong>et</strong></span> <span class='ocrx_word' id='word_1_275' title='bbox 1636 2739 1754 2824; x_wconf 84' lang='lat' dir='ltr'><strong>aspidis</strong></span> <span class='ocrx_word' id='word_1_276' title='bbox 1781 2761 1852 2805; x_wconf 92' lang='lat' dir='ltr'><strong>cum</strong></span> <span class='ocrx_word' id='word_1_277' title='bbox 1878 2760 1986 2824; x_wconf 83' lang='lat' dir='ltr'><strong>pugna</strong></span> <span class='ocrx_word' id='word_1_278' title='bbox 2012 2737 2096 2804; x_wconf 92' lang='lat' dir='ltr'><strong>illius</strong></span> 
     </span>
     <span class='ocr_line' id='line_1_53' title="bbox 249 2841 2095 2928; baseline -0.001 -20"><span class='ocrx_word' id='word_1_279' title='bbox 249 2843 392 2909; x_wconf 86' lang='lat' dir='ltr'><strong>animalis</strong></span> <span class='ocrx_word' id='word_1_280' title='bbox 419 2849 452 2909; x_wconf 90' lang='lat' dir='ltr'><strong>et</strong></span> <span class='ocrx_word' id='word_1_281' title='bbox 479 2843 625 2909; x_wconf 86' lang='lat' dir='ltr'><strong>croccdili</strong></span> <span class='ocrx_word' id='word_1_282' title='bbox 654 2843 856 2910; x_wconf 83' lang='lat' dir='ltr'><strong>ccufimdens.</strong></span> <span class='ocrx_word' id='word_1_283' title='bbox 899 2843 973 2910; x_wconf 89' lang='grc' dir='ltr'><strong>Ηοο</strong></span> <span class='ocrx_word' id='word_1_284' title='bbox 994 2842 1086 2910; x_wconf 82' lang='lat' dir='ltr'><strong>laede</strong></span> <span class='ocrx_word' id='word_1_285' title='bbox 1107 2845 1137 2910; x_wconf 87' lang='lat' dir='ltr'><strong>ei</strong></span> <span class='ocrx_word' id='word_1_286' title='bbox 1165 2844 1345 2928; x_wconf 79' lang='lat' dir='ltr'><strong>contingere</strong></span> <span class='ocrx_word' id='word_1_287' title='bbox 1367 2843 1478 2927; x_wconf 76' lang='lat' dir='ltr'><strong>potuit,</strong></span> <span class='ocrx_word' id='word_1_288' title='bbox 1507 2843 1533 2908; x_wconf 92' lang='lat' dir='ltr'><strong>si</strong></span> <span class='ocrx_word' id='word_1_289' title='bbox 1556 2843 1587 2906; x_wconf 91' lang='lat' dir='ltr'><strong>in</strong></span> <span class='ocrx_word' id='word_1_290' title='bbox 1610 2841 1695 2908; x_wconf 80' lang='lat' dir='ltr'><strong>fonte</strong></span> <span class='ocrx_word' id='word_1_291' title='bbox 1717 2864 1774 2908; x_wconf 92' lang='lat' dir='ltr'><strong>suo</strong></span> <span class='ocrx_word' id='word_1_292' title='bbox 1800 2849 1966 2927; x_wconf 88' lang='lat' dir='ltr'><strong>utramque</strong></span> <span class='ocrx_word' id='word_1_293' title='bbox 1989 2863 2095 2907; x_wconf 79' lang='grc' dir='ltr'><strong><em>πατιε-</em></strong></span> 
     </span>
     <span class='ocr_line' id='line_1_54' title="bbox 248 2945 2095 3033; baseline 0 -21"><span class='ocrx_word' id='word_1_294' title='bbox 248 2946 366 3012; x_wconf 71' lang='lat' dir='ltr'><strong>donem</strong></span> <span class='ocrx_word' id='word_1_295' title='bbox 388 2948 427 3012; x_wconf 92' lang='lat' dir='ltr'><strong>de</strong></span> <span class='ocrx_word' id='word_1_296' title='bbox 450 2947 664 3028; x_wconf 90' lang='lat' dir='ltr'><strong>ichneumone,</strong></span> <span class='ocrx_word' id='word_1_297' title='bbox 686 2969 748 3031; x_wconf 91' lang='lat' dir='ltr'><strong>quo</strong></span> <span class='ocrx_word' id='word_1_298' title='bbox 770 2947 863 3014; x_wconf 92' lang='lat' dir='ltr'><strong>modo</strong></span> <span class='ocrx_word' id='word_1_299' title='bbox 885 2969 957 3013; x_wconf 90' lang='lat' dir='ltr'><strong>cum</strong></span> <span class='ocrx_word' id='word_1_300' title='bbox 979 2946 1088 3032; x_wconf 86' lang='lat' dir='ltr'><strong>aspide</strong></span> <span class='ocrx_word' id='word_1_301' title='bbox 1109 2953 1265 3033; x_wconf 79' lang='lat' dir='ltr'><strong>pugnaret</strong></span> <span class='ocrx_word' id='word_1_302' title='bbox 1288 2953 1321 3013; x_wconf 86' lang='lat' dir='ltr'><strong>et</strong></span> <span class='ocrx_word' id='word_1_303' title='bbox 1340 2967 1405 3030; x_wconf 90' lang='lat' dir='ltr'><strong>qno</strong></span> <span class='ocrx_word' id='word_1_304' title='bbox 1426 2945 1520 3010; x_wconf 92' lang='lat' dir='ltr'><strong>modo</strong></span> <span class='ocrx_word' id='word_1_305' title='bbox 1541 2945 1697 3012; x_wconf 89' lang='lat' dir='ltr'><strong>crocodilo</strong></span> <span class='ocrx_word' id='word_1_306' title='bbox 1719 2945 1849 3012; x_wconf 80' lang='lat' dir='ltr'><strong>insidias</strong></span> <span class='ocrx_word' id='word_1_307' title='bbox 1870 2953 2005 3032; x_wconf 74' lang='lat' dir='ltr'><strong>pararet,</strong></span> <span class='ocrx_word' id='word_1_308' title='bbox 2033 2968 2095 3012; x_wconf 91' lang='lat' dir='ltr'><strong>uno</strong></span> 
     </span>
    </p>
   </div>
   <div class='ocr_carea' id='block_1_8' title="bbox 249 3049 2095 3241">
    <p class='ocr_par' dir='ltr' id='par_1_8' title="bbox 249 3049 2095 3241">
     <span class='ocr_line' id='line_1_55' title="bbox 249 3049 2095 3136; baseline -0.001 -20"><span class='ocrx_word' id='word_1_309' title='bbox 249 3052 318 3118; x_wconf 90' lang='lat' dir='ltr'><strong>loco</strong></span> <span class='ocrx_word' id='word_1_310' title='bbox 340 3052 425 3136; x_wconf 83' lang='lat' dir='ltr'><strong>legit</strong></span> <span class='ocrx_word' id='word_1_311' title='bbox 468 3053 520 3117; x_wconf 81' lang='lat' dir='ltr'><strong>Eia</strong></span> <span class='ocrx_word' id='word_1_312' title='bbox 542 3053 626 3117; x_wconf 89' lang='lat' dir='ltr'><strong>euim</strong></span> <span class='ocrx_word' id='word_1_313' title='bbox 654 3073 736 3136; x_wconf 85' lang='lat' dir='ltr'><strong>quae</strong></span> <span class='ocrx_word' id='word_1_314' title='bbox 758 3052 880 3119; x_wconf 87' lang='lat' dir='ltr'><strong>Plinius</strong></span> <span class='ocrx_word' id='word_1_315' title='bbox 903 3055 943 3136; x_wconf 60' lang='grc' dir='ltr'><strong>ἐξ</strong></span> <span class='ocrx_word' id='word_1_316' title='bbox 966 3053 1007 3118; x_wconf 89' lang='grc'><strong>88</strong></span> <span class='ocrx_word' id='word_1_317' title='bbox 1029 3054 1125 3118; x_wconf 78' lang='lat' dir='ltr'><strong>etse</strong></span> <span class='ocrx_word' id='word_1_318' title='bbox 1153 3057 1384 3132; x_wconf 76' lang='lat' dir='ltr'><strong>commemorat,</strong></span> <span class='ocrx_word' id='word_1_319' title='bbox 1416 3049 1456 3114; x_wconf 89' lang='lat' dir='ltr'><strong>ab</strong></span> <span class='ocrx_word' id='word_1_320' title='bbox 1483 3056 1610 3115; x_wconf 90' lang='lat' dir='ltr'><strong>auctore</strong></span> <span class='ocrx_word' id='word_1_321' title='bbox 1637 3051 1704 3115; x_wconf 93' lang='lat' dir='ltr'><strong>eius</strong></span> <span class='ocrx_word' id='word_1_322' title='bbox 1732 3071 1796 3114; x_wconf 86' lang='lat' dir='ltr'><strong>nna</strong></span> <span class='ocrx_word' id='word_1_323' title='bbox 1822 3049 1940 3116; x_wconf 74' lang='lat' dir='ltr'><strong>hadita</strong></span> <span class='ocrx_word' id='word_1_324' title='bbox 1967 3071 2034 3116; x_wconf 90' lang='lat' dir='ltr'><strong>esse</strong></span> <span class='ocrx_word' id='word_1_325' title='bbox 2056 3071 2095 3115; x_wconf 85' lang='lat' dir='ltr'><strong>ex</strong></span> 
     </span>
     <span class='ocr_line' id='line_1_56' title="bbox 249 3152 1737 3241; baseline -0.001 -21"><span class='ocrx_word' id='word_1_326' title='bbox 249 3155 412 3240; x_wconf 79' lang='lat' dir='ltr'><strong>Antigono</strong></span> <span class='ocrx_word' id='word_1_327' title='bbox 435 3154 580 3241; x_wconf 76' lang='lat' dir='ltr'><strong>Carystio</strong></span> <span class='ocrx_word' id='word_1_328' title='bbox 602 3155 662 3239; x_wconf 90' lang='lat' dir='ltr'><strong>(ed</strong></span> <span class='ocrx_word' id='word_1_329' title='bbox 683 3155 806 3240; x_wconf 88' lang='lat' dir='ltr'><strong>Keller)</strong></span> <span class='ocrx_word' id='word_1_330' title='bbox 828 3177 854 3222; x_wconf 83' lang='lat' dir='ltr'><strong>c</strong></span> <span class='ocrx_word' id='word_1_331' title='bbox 876 3157 918 3222; x_wconf 81' lang='lat'><strong>32</strong></span> <span class='ocrx_word' id='word_1_332' title='bbox 940 3163 973 3222; x_wconf 87' lang='lat' dir='ltr'><strong>et</strong></span> <span class='ocrx_word' id='word_1_333' title='bbox 993 3157 1036 3222; x_wconf 83' lang='lat'><strong>33</strong></span> <span class='ocrx_word' id='word_1_334' title='bbox 1057 3162 1090 3222; x_wconf 89' lang='lat' dir='ltr'><strong>st</strong></span> <span class='ocrx_word' id='word_1_335' title='bbox 1111 3177 1150 3221; x_wconf 88' lang='lat' dir='ltr'><strong>ex</strong></span> <span class='ocrx_word' id='word_1_336' title='bbox 1173 3154 1329 3224; x_wconf 79' lang='lat' dir='ltr'><strong>Strabone</strong></span> <span class='ocrx_word' id='word_1_337' title='bbox 1352 3152 1461 3221; x_wconf 88' lang='lat' dir='ltr'><strong>XVII</strong></span> <span class='ocrx_word' id='word_1_338' title='bbox 1484 3153 1519 3220; x_wconf 83' lang='lat'><strong>0.</strong></span> <span class='ocrx_word' id='word_1_339' title='bbox 1543 3154 1605 3219; x_wconf 82' lang='lat'><strong>812</strong></span> <span class='ocrx_word' id='word_1_340' title='bbox 1628 3153 1737 3219; x_wconf 84' lang='lat' dir='ltr'><strong>elucet</strong></span> 
     </span>
    </p>
   </div>
   <div class='ocr_carea' id='block_1_9' title="bbox 247 3289 2148 4510">
    <p class='ocr_par' dir='ltr' id='par_1_9' title="bbox 247 3289 2148 4510">
     <span class='ocr_line' id='line_1_57' title="bbox 403 3289 2095 3378; baseline -0.001 -20"><span class='ocrx_word' id='word_1_341' title='bbox 403 3291 456 3358; x_wconf 81' lang='lat' dir='ltr'><strong>Ex</strong></span> <span class='ocrx_word' id='word_1_342' title='bbox 488 3293 598 3360; x_wconf 87' lang='lat' dir='ltr'><strong>eodem</strong></span> <span class='ocrx_word' id='word_1_343' title='bbox 630 3293 724 3374; x_wconf 78' lang='grc' dir='ltr'><strong><em>ίοείε,</em></strong></span> <span class='ocrx_word' id='word_1_344' title='bbox 757 3294 840 3360; x_wconf 93' lang='lat' dir='ltr'><strong>unde</strong></span> <span class='ocrx_word' id='word_1_345' title='bbox 866 3297 886 3378; x_wconf 64' lang='grc' dir='ltr'><strong>ξ</strong></span> <span class='ocrx_word' id='word_1_346' title='bbox 915 3296 964 3376; x_wconf 87' lang='grc'><strong>89,</strong></span> <span class='ocrx_word' id='word_1_347' title='bbox 997 3296 1093 3360; x_wconf 86' lang='lat' dir='ltr'><strong>etium</strong></span> <span class='ocrx_word' id='word_1_348' title='bbox 1119 3297 1139 3378; x_wconf 70' lang='grc'>5</span> <span class='ocrx_word' id='word_1_349' title='bbox 1162 3295 1205 3359; x_wconf 97' lang='grc'><strong>95</strong></span> <span class='ocrx_word' id='word_1_350' title='bbox 1231 3316 1252 3359; x_wconf 91' lang='lat' dir='ltr'><strong>a</strong></span> <span class='ocrx_word' id='word_1_351' title='bbox 1277 3291 1381 3358; x_wconf 91' lang='lat' dir='ltr'><strong>Plinio</strong></span> <span class='ocrx_word' id='word_1_352' title='bbox 1410 3297 1553 3376; x_wconf 84' lang='lat' dir='ltr'><strong>sumptus</strong></span> <span class='ocrx_word' id='word_1_353' title='bbox 1579 3299 1655 3356; x_wconf 89' lang='lat' dir='ltr'><strong>erat</strong></span> <span class='ocrx_word' id='word_1_354' title='bbox 1699 3289 1785 3355; x_wconf 88' lang='lat' dir='ltr'><strong>Nam</strong></span> <span class='ocrx_word' id='word_1_355' title='bbox 1812 3311 1884 3355; x_wconf 90' lang='lat' dir='ltr'><strong>cum</strong></span> <span class='ocrx_word' id='word_1_356' title='bbox 1912 3292 1995 3374; x_wconf 74' lang='lat'><strong>§89</strong></span> <span class='ocrx_word' id='word_1_357' title='bbox 2024 3313 2095 3356; x_wconf 89' lang='lat' dir='ltr'><strong>cum</strong></span> 
     </span>
     <span class='ocr_line' id='line_1_58' title="bbox 249 3393 2095 3482; baseline -0.002 -20"><span class='ocrx_word' id='word_1_358' title='bbox 249 3397 381 3463; x_wconf 81' lang='lat' dir='ltr'><strong>Aeliano</strong></span> <span class='ocrx_word' id='word_1_359' title='bbox 403 3395 444 3478; x_wconf 84' lang='lat' dir='ltr'><strong>V,</strong></span> <span class='ocrx_word' id='word_1_360' title='bbox 464 3397 516 3478; x_wconf 80' lang='grc'><strong>52,</strong></span> <span class='ocrx_word' id='word_1_361' title='bbox 546 3401 564 3481; x_wconf 65' lang='grc' dir='ltr'>ξ</span> <span class='ocrx_word' id='word_1_362' title='bbox 588 3399 630 3462; x_wconf 94' lang='grc'><strong>95</strong></span> <span class='ocrx_word' id='word_1_363' title='bbox 655 3417 727 3462; x_wconf 91' lang='lat' dir='ltr'><strong>cum</strong></span> <span class='ocrx_word' id='word_1_364' title='bbox 748 3397 886 3464; x_wconf 82' lang='lat' dir='ltr'><strong>Aeliano</strong></span> <span class='ocrx_word' id='word_1_365' title='bbox 908 3397 949 3479; x_wconf 84' lang='lat' dir='ltr'><strong>V,</strong></span> <span class='ocrx_word' id='word_1_366' title='bbox 974 3399 1017 3464; x_wconf 89' lang='grc'><strong>53</strong></span> <span class='ocrx_word' id='word_1_367' title='bbox 1038 3398 1245 3478; x_wconf 82' lang='lat' dir='ltr'><strong>consentiant,</strong></span> <span class='ocrx_word' id='word_1_368' title='bbox 1273 3397 1414 3482; x_wconf 87' lang='lat' dir='ltr'><strong>suspicor</strong></span> <span class='ocrx_word' id='word_1_369' title='bbox 1439 3397 1533 3461; x_wconf 88' lang='lat' dir='ltr'><strong>etiam</strong></span> <span class='ocrx_word' id='word_1_370' title='bbox 1562 3394 1620 3460; x_wconf 89' lang='lat' dir='ltr'><strong>has</strong></span> <span class='ocrx_word' id='word_1_371' title='bbox 1647 3393 1843 3460; x_wconf 74' lang='lat' dir='ltr'><strong>narrationes</strong></span> <span class='ocrx_word' id='word_1_372' title='bbox 1864 3393 2001 3460; x_wconf 92' lang='lat' dir='ltr'><strong>Plinium</strong></span> <span class='ocrx_word' id='word_1_373' title='bbox 2032 3416 2095 3459; x_wconf 90' lang='lat' dir='ltr'><strong>uno</strong></span> 
     </span>
     <span class='ocr_line' id='line_1_59' title="bbox 249 3496 2095 3586; baseline -0.004 -18"><span class='ocrx_word' id='word_1_374' title='bbox 249 3501 421 3585; x_wconf 84' lang='lat' dir='ltr'><strong>codemque</strong></span> <span class='ocrx_word' id='word_1_375' title='bbox 444 3502 512 3566; x_wconf 93' lang='lat' dir='ltr'><strong>loco</strong></span> <span class='ocrx_word' id='word_1_376' title='bbox 533 3501 654 3586; x_wconf 78' lang='lat' dir='ltr'><strong>legisse.</strong></span> <span class='ocrx_word' id='word_1_377' title='bbox 688 3503 764 3585; x_wconf 75' lang='lat'><strong>§89</strong></span> <span class='ocrx_word' id='word_1_378' title='bbox 780 3501 819 3568; x_wconf 88' lang='lat' dir='ltr'><strong>de</strong></span> <span class='ocrx_word' id='word_1_379' title='bbox 840 3501 1108 3586; x_wconf 74' lang='lat' dir='ltr'><strong>praedivinatione</strong></span> <span class='ocrx_word' id='word_1_380' title='bbox 1123 3501 1269 3566; x_wconf 85' lang='lat' dir='ltr'><strong>crocodili</strong></span> <span class='ocrx_word' id='word_1_381' title='bbox 1284 3500 1372 3581; x_wconf 73' lang='lat' dir='ltr'><strong>dixit,</strong></span> <span class='ocrx_word' id='word_1_382' title='bbox 1393 3497 1479 3584; x_wconf 69' lang='lat'><strong>595,</strong></span> <span class='ocrx_word' id='word_1_383' title='bbox 1500 3505 1665 3582; x_wconf 87' lang='lat' dir='ltr'><strong>postquam</strong></span> <span class='ocrx_word' id='word_1_384' title='bbox 1688 3497 1727 3562; x_wconf 89' lang='lat' dir='ltr'><strong>da</strong></span> <span class='ocrx_word' id='word_1_385' title='bbox 1748 3503 1863 3562; x_wconf 77' lang='lat' dir='ltr'><strong>natira</strong></span> <span class='ocrx_word' id='word_1_386' title='bbox 1880 3496 2095 3582; x_wconf 78' lang='lat' dir='ltr'><strong>hippopotami</strong></span> 
     </span>
     <span class='ocr_line' id='line_1_60' title="bbox 250 3601 2148 3691; baseline -0.005 -20"><span class='ocrx_word' id='word_1_387' title='bbox 250 3605 404 3687; x_wconf 71' lang='lat' dir='ltr'><strong>dicernit,</strong></span> <span class='ocrx_word' id='word_1_388' title='bbox 430 3605 469 3671; x_wconf 89' lang='lat' dir='ltr'><strong>de</strong></span> <span class='ocrx_word' id='word_1_389' title='bbox 492 3604 622 3671; x_wconf 82' lang='lat' dir='ltr'><strong>concillo</strong></span> <span class='ocrx_word' id='word_1_390' title='bbox 643 3610 676 3670; x_wconf 85' lang='lat' dir='ltr'><strong>et</strong></span> <span class='ocrx_word' id='word_1_391' title='bbox 696 3605 891 3689; x_wconf 83' lang='lat' dir='ltr'><strong>providentia</strong></span> <span class='ocrx_word' id='word_1_392' title='bbox 918 3605 985 3672; x_wconf 90' lang='lat' dir='ltr'><strong>eius</strong></span> <span class='ocrx_word' id='word_1_393' title='bbox 1006 3604 1117 3670; x_wconf 89' lang='lat' dir='ltr'><strong>beluae</strong></span> <span class='ocrx_word' id='word_1_394' title='bbox 1143 3605 1257 3688; x_wconf 75' lang='lat' dir='ltr'><strong>pergit:</strong></span> <span class='ocrx_word' id='word_1_395' title='bbox 1291 3605 1462 3691; x_wconf 79' lang='grc' dir='ltr'><strong><em>δεραειίευν</em></strong></span> <span class='ocrx_word' id='word_1_396' title='bbox 1483 3613 1587 3688; x_wconf 70' lang='lat' dir='ltr'><strong>nepeta</strong></span> <span class='ocrx_word' id='word_1_397' title='bbox 1608 3601 1806 3666; x_wconf 78' lang='grc' dir='ltr'><strong><em>δειείιιαίίοιιε</em></strong></span> <span class='ocrx_word' id='word_1_398' title='bbox 1826 3611 1905 3676; x_wconf 79' lang='lat' dir='ltr'><strong>anta,</strong></span> <span class='ocrx_word' id='word_1_399' title='bbox 1928 3613 1961 3664; x_wconf 84' lang='lat' dir='ltr'><strong>ut</strong></span> <span class='ocrx_word' id='word_1_400' title='bbox 1975 3602 2093 3687; x_wconf 68' lang='lat' dir='ltr'><strong>scunt</strong></span> <span class='ocrx_word' id='word_1_401' title='bbox 2114 3637 2148 3662; x_wconf 60' lang='grc' dir='ltr'><em>υ</em></span> 
     </span>
     <span class='ocr_line' id='line_1_61' title="bbox 251 3704 2095 3834; baseline -0.003 -60"><span class='ocrx_word' id='word_1_402' title='bbox 251 3709 506 3774; x_wconf 66' lang='lat' dir='ltr'><strong>camminatas</strong></span> <span class='ocrx_word' id='word_1_403' title='bbox 492 3733 527 3774; x_wconf 85' lang='grc' dir='ltr'><strong>ια</strong></span> <span class='ocrx_word' id='word_1_404' title='bbox 555 3709 635 3773; x_wconf 84' lang='lat' dir='ltr'><strong>diem</strong></span> <span class='ocrx_word' id='word_1_405' title='bbox 661 3719 689 3773; x_wconf 81' lang='grc' dir='ltr'><strong>τί</strong></span> <span class='ocrx_word' id='word_1_406' title='bbox 714 3731 750 3772; x_wconf 85' lang='grc' dir='ltr'><strong>ια</strong></span> <span class='ocrx_word' id='word_1_407' title='bbox 775 3731 848 3794; x_wconf 70' lang='lat' dir='ltr'><strong>apro</strong></span> <span class='ocrx_word' id='word_1_408' title='bbox 867 3709 1038 3796; x_wconf 78' lang='lat' dir='ltr'><strong>serentibus</strong></span> <span class='ocrx_word' id='word_1_409' title='bbox 1064 3709 1203 3834; x_wconf 53' lang='lat' dir='ltr'><strong>aecipite,</strong></span> <span class='ocrx_word' id='word_1_410' title='bbox 1232 3730 1268 3772; x_wconf 84' lang='grc' dir='ltr'><strong>οι</strong></span> <span class='ocrx_word' id='word_1_411' title='bbox 1293 3729 1371 3794; x_wconf 81' lang='lat' dir='ltr'><strong>quae</strong></span> <span class='ocrx_word' id='word_1_412' title='bbox 1395 3707 1553 3770; x_wconf 80' lang='grc' dir='ltr'><strong><em>ιιοινιιιιεί</em></strong></span> <span class='ocrx_word' id='word_1_413' title='bbox 1580 3705 1711 3768; x_wconf 82' lang='grc' dir='ltr'><strong><em>ιἰιείόίαι</em></strong></span> <span class='ocrx_word' id='word_1_414' title='bbox 1738 3715 1958 3828; x_wconf 66' lang='lat' dir='ltr'><strong>comparentur.</strong></span> <span class='ocrx_word' id='word_1_415' title='bbox 2004 3704 2095 3769; x_wconf 86' lang='lat' dir='ltr'><strong>Idem</strong></span> 
     </span>
     <span class='ocr_line' id='line_1_62' title="bbox 250 3797 2097 3934; baseline 0.001 -58"><span class='ocrx_word' id='word_1_416' title='bbox 250 3813 424 3879; x_wconf 79' lang='lat' dir='ltr'><strong>invenimus</strong></span> <span class='ocrx_word' id='word_1_417' title='bbox 446 3813 531 3897; x_wconf 90' lang='lat' dir='ltr'><strong>apud</strong></span> <span class='ocrx_word' id='word_1_418' title='bbox 552 3813 624 3878; x_wconf 82' lang='lat' dir='ltr'><strong>Ael</strong></span> <span class='ocrx_word' id='word_1_419' title='bbox 648 3810 689 3894; x_wconf 87' lang='lat' dir='ltr'><strong>V,</strong></span> <span class='ocrx_word' id='word_1_420' title='bbox 710 3814 765 3878; x_wconf 80' lang='lat'><strong>53:</strong></span> <span class='ocrx_word' id='word_1_421' title='bbox 788 3813 820 3882; x_wconf 90' lang='grc' dir='ltr'><strong>οί</strong></span> <span class='ocrx_word' id='word_1_422' title='bbox 842 3813 1001 3884; x_wconf 73' lang='grc' dir='ltr'><strong>ίπποιι</strong></span> <span class='ocrx_word' id='word_1_423' title='bbox 969 3839 1002 3886; x_wconf 93' lang='grc' dir='ltr'><strong>οι</strong></span> <span class='ocrx_word' id='word_1_424' title='bbox 1024 3811 1185 3899; x_wconf 78' lang='grc' dir='ltr'><strong><em>ποτάμιοι</em></strong></span> <span class='ocrx_word' id='word_1_425' title='bbox 1207 3838 1262 3880; x_wconf 88' lang='grc' dir='ltr'><strong>του</strong></span> <span class='ocrx_word' id='word_1_426' title='bbox 1246 3810 1403 3880; x_wconf 78' lang='grc' dir='ltr'><strong><em>’Νείλου</em></strong></span> <span class='ocrx_word' id='word_1_427' title='bbox 1424 3811 1484 3895; x_wconf 85' lang='grc' dir='ltr'><strong>μίν</strong></span> <span class='ocrx_word' id='word_1_428' title='bbox 1505 3809 1571 3879; x_wconf 81' lang='lat' dir='ltr'><strong>aloc</strong></span> <span class='ocrx_word' id='word_1_429' title='bbox 1593 3806 1777 3934; x_wconf 89' lang='grc' dir='ltr'><strong><em>τρόφιμοι.</em></strong></span> <span class='ocrx_word' id='word_1_430' title='bbox 1800 3804 1877 3877; x_wconf 84' lang='grc' dir='ltr'><strong><em>όταν</em></strong></span> <span class='ocrx_word' id='word_1_431' title='bbox 1899 3810 1935 3876; x_wconf 79' lang='grc' dir='ltr'><strong>δὲ</strong></span> <span class='ocrx_word' id='word_1_432' title='bbox 1956 3834 1998 3876; x_wconf 91' lang='grc' dir='ltr'><strong>τα</strong></span> <span class='ocrx_word' id='word_1_433' title='bbox 1990 3797 2097 3894; x_wconf 78' lang='grc' dir='ltr'><strong>λὴια</strong></span> 
     </span>
     <span class='ocr_line' id='line_1_63' title="bbox 250 3898 2096 4009; baseline -0.003 -23"><span class='ocrx_word' id='word_1_434' title='bbox 250 3915 412 4007; x_wconf 81' lang='grc' dir='ltr'><strong><em>ίνακμόζη</em></strong></span> <span class='ocrx_word' id='word_1_435' title='bbox 432 3911 532 3987; x_wconf 89' lang='grc' dir='ltr'><strong>καί</strong></span> <span class='ocrx_word' id='word_1_436' title='bbox 510 3942 587 3986; x_wconf 85' lang='grc' dir='ltr'><strong><em>ωσιν</em></strong></span> <span class='ocrx_word' id='word_1_437' title='bbox 612 3918 644 3989; x_wconf 82' lang='lat' dir='ltr'><strong>oi</strong></span> <span class='ocrx_word' id='word_1_438' title='bbox 668 3914 808 4002; x_wconf 88' lang='grc' dir='ltr'><strong><em>στοίχυες</em></strong></span> <span class='ocrx_word' id='word_1_439' title='bbox 830 3920 960 4000; x_wconf 70' lang='grc' dir='ltr'><strong><em>ξανθοί,</em></strong></span> <span class='ocrx_word' id='word_1_440' title='bbox 985 3911 1043 3986; x_wconf 87' lang='grc' dir='ltr'><strong>ούκ</strong></span> <span class='ocrx_word' id='word_1_441' title='bbox 1071 3915 1227 4009; x_wconf 86' lang='grc' dir='ltr'><strong><em>ίίρχονται</em></strong></span> <span class='ocrx_word' id='word_1_442' title='bbox 1249 3919 1449 4004; x_wconf 79' lang='grc' dir='ltr'><strong><em>παραχρῆμα</em></strong></span> <span class='ocrx_word' id='word_1_443' title='bbox 1477 3915 1596 3998; x_wconf 85' lang='grc' dir='ltr'><strong><em>κείρειν</em></strong></span> <span class='ocrx_word' id='word_1_444' title='bbox 1617 3909 1730 3991; x_wconf 83' lang='grc' dir='ltr'><strong><em>αότοῖς</em></strong></span> <span class='ocrx_word' id='word_1_445' title='bbox 1758 3914 1814 3981; x_wconf 87' lang='grc' dir='ltr'><strong>καί</strong></span> <span class='ocrx_word' id='word_1_446' title='bbox 1843 3898 2096 3991; x_wconf 58' lang='lat' dir='ltr'><strong>laetaturilla</strong></span> 
     </span>
     <span class='ocr_line' id='line_1_64' title="bbox 250 4006 2095 4112; baseline -0.003 -24"><span class='ocrx_word' id='word_1_447' title='bbox 250 4019 508 4112; x_wconf 78' lang='grc' dir='ltr'><strong><em>παραμείβοντες</em></strong></span> <span class='ocrx_word' id='word_1_448' title='bbox 540 4017 728 4103; x_wconf 71' lang='grc' dir='ltr'><strong><em>ἔξωθεν</em></strong></span> <span class='ocrx_word' id='word_1_449' title='bbox 691 4046 727 4088; x_wconf 93' lang='grc' dir='ltr'><strong>το</strong></span> <span class='ocrx_word' id='word_1_450' title='bbox 757 4017 846 4110; x_wconf 76' lang='grc' dir='ltr'><strong><em>λήιον</em></strong></span> <span class='ocrx_word' id='word_1_451' title='bbox 872 4018 1084 4105; x_wconf 80' lang='grc' dir='ltr'><strong><em>στοχάζονται</em></strong></span> <span class='ocrx_word' id='word_1_452' title='bbox 1112 4017 1214 4089; x_wconf 90' lang='grc' dir='ltr'><strong><em>πόσον</em></strong></span> <span class='ocrx_word' id='word_1_453' title='bbox 1239 4016 1359 4099; x_wconf 83' lang='grc' dir='ltr'><strong><em>αύτούς</em></strong></span> <span class='ocrx_word' id='word_1_454' title='bbox 1386 4006 1544 4104; x_wconf 78' lang='grc' dir='ltr'><strong><em>ἐμπλήσει</em></strong></span> <span class='ocrx_word' id='word_1_455' title='bbox 1570 4017 1688 4106; x_wconf 86' lang='grc' dir='ltr'><strong><em>μίτρον</em></strong></span> <span class='ocrx_word' id='word_1_456' title='bbox 1723 4010 1796 4084; x_wconf 79' lang='lat' dir='ltr'><strong>elau</strong></span> <span class='ocrx_word' id='word_1_457' title='bbox 1824 4011 2031 4103; x_wconf 77' lang='grc' dir='ltr'><strong><em>λογιούμενοι</em></strong></span> <span class='ocrx_word' id='word_1_458' title='bbox 2060 4015 2095 4083; x_wconf 83' lang='grc' dir='ltr'><strong>τό</strong></span> 
     </span>
     <span class='ocr_line' id='line_1_65' title="bbox 250 4117 2097 4249; baseline -0.002 -57"><span class='ocrx_word' id='word_1_459' title='bbox 250 4123 434 4249; x_wconf 80' lang='grc' dir='ltr'><strong><em>σίποχρῆρον</em></strong></span> <span class='ocrx_word' id='word_1_460' title='bbox 462 4124 574 4213; x_wconf 87' lang='grc' dir='ltr'><strong><em>σφίσιν</em></strong></span> <span class='ocrx_word' id='word_1_461' title='bbox 602 4121 806 4208; x_wconf 74' lang='grc' dir='ltr'><strong><em>ἐμπίπτουσι</em></strong></span> <span class='ocrx_word' id='word_1_462' title='bbox 834 4120 942 4192; x_wconf 84' lang='grc' dir='ltr'><strong><em>καί’</em></strong></span> <span class='ocrx_word' id='word_1_463' title='bbox 919 4147 1138 4216; x_wconf 89' lang='grc' dir='ltr'><strong><em>αναχωρουσιν</em></strong></span> <span class='ocrx_word' id='word_1_464' title='bbox 1165 4123 1222 4191; x_wconf 79' lang='grc' dir='ltr'><strong>ἐπί</strong></span> <span class='ocrx_word' id='word_1_465' title='bbox 1249 4121 1336 4192; x_wconf 89' lang='grc' dir='ltr'><strong><em>πόδα</em></strong></span> <span class='ocrx_word' id='word_1_466' title='bbox 1362 4118 1616 4206; x_wconf 80' lang='grc' dir='ltr'><strong><em>ἐμπιπλάμενοι,</em></strong></span> <span class='ocrx_word' id='word_1_467' title='bbox 1648 4117 1686 4188; x_wconf 91' lang='grc' dir='ltr'><strong>τό</strong></span> <span class='ocrx_word' id='word_1_468' title='bbox 1712 4121 1820 4210; x_wconf 73' lang='grc' dir='ltr'><strong><em>ῥεῦμα</em></strong></span> <span class='ocrx_word' id='word_1_469' title='bbox 1852 4125 1911 4189; x_wconf 83' lang='grc' dir='ltr'><strong>τοῦ</strong></span> <span class='ocrx_word' id='word_1_470' title='bbox 1945 4124 2097 4204; x_wconf 82' lang='grc' dir='ltr'><strong><em>ποταμοῦ</em></strong></span> 
     </span>
     <span class='ocr_line' id='line_1_66' title="bbox 247 4215 2095 4318; baseline -0.002 -24"><span class='ocrx_word' id='word_1_471' title='bbox 247 4223 333 4294; x_wconf 79' lang='grc' dir='ltr'><strong><em>κατό</em></strong></span> <span class='ocrx_word' id='word_1_472' title='bbox 354 4223 457 4296; x_wconf 84' lang='grc' dir='ltr'><strong><em>νότου</em></strong></span> <span class='ocrx_word' id='word_1_473' title='bbox 479 4215 640 4312; x_wconf 79' lang='grc' dir='ltr'><strong><em>λαβόντες.</em></strong></span> <span class='ocrx_word' id='word_1_474' title='bbox 668 4226 935 4318; x_wconf 85' lang='grc' dir='ltr'><strong><em>πεφιλοσόφηται</em></strong></span> <span class='ocrx_word' id='word_1_475' title='bbox 956 4225 1037 4296; x_wconf 76' lang='grc' dir='ltr'><strong><em>δί”</em></strong></span> <span class='ocrx_word' id='word_1_476' title='bbox 1014 4253 1078 4316; x_wconf 91' lang='grc' dir='ltr'><strong>αρα</strong></span> <span class='ocrx_word' id='word_1_477' title='bbox 1099 4234 1197 4296; x_wconf 87' lang='grc' dir='ltr'><strong><em>τοῦτο</em></strong></span> <span class='ocrx_word' id='word_1_478' title='bbox 1219 4219 1341 4305; x_wconf 80' lang='grc' dir='ltr'><strong><em>αὐτοῖς,</em></strong></span> <span class='ocrx_word' id='word_1_479' title='bbox 1366 4223 1476 4293; x_wconf 80' lang='grc' dir='ltr'><strong><em>ίνα”</em></strong></span> <span class='ocrx_word' id='word_1_480' title='bbox 1444 4249 1475 4292; x_wconf 91' lang='grc' dir='ltr'><strong>ει</strong></span> <span class='ocrx_word' id='word_1_481' title='bbox 1498 4245 1580 4298; x_wconf 87' lang='grc' dir='ltr'><strong><em>τινες</em></strong></span> <span class='ocrx_word' id='word_1_482' title='bbox 1601 4226 1663 4292; x_wconf 76' lang='grc' dir='ltr'><strong>τῶν</strong></span> <span class='ocrx_word' id='word_1_483' title='bbox 1684 4227 1831 4312; x_wconf 76' lang='grc' dir='ltr'><strong><em>γεωργῶν</em></strong></span> <span class='ocrx_word' id='word_1_484' title='bbox 1860 4221 1983 4292; x_wconf 81' lang='grc' dir='ltr'><strong><em>ἐπίοιεν</em></strong></span> <span class='ocrx_word' id='word_1_485' title='bbox 2011 4219 2095 4308; x_wconf 84' lang='grc' dir='ltr'><strong><em>όμυ-</em></strong></span> 
     </span>
     <span class='ocr_line' id='line_1_67' title="bbox 250 4316 2095 4424; baseline -0.003 -25"><span class='ocrx_word' id='word_1_486' title='bbox 250 4327 408 4417; x_wconf 83' lang='grc' dir='ltr'><strong><em>νούμενοι,</em></strong></span> <span class='ocrx_word' id='word_1_487' title='bbox 430 4337 466 4400; x_wconf 81' lang='lat' dir='ltr'><strong>ci&#39;</strong></span> <span class='ocrx_word' id='word_1_488' title='bbox 484 4330 560 4398; x_wconf 82' lang='grc' dir='ltr'><strong><em>δί’</em></strong></span> <span class='ocrx_word' id='word_1_489' title='bbox 542 4357 578 4399; x_wconf 89' lang='grc' dir='ltr'><strong>εκ</strong></span> <span class='ocrx_word' id='word_1_490' title='bbox 598 4356 657 4398; x_wconf 91' lang='grc' dir='ltr'><strong>του</strong></span> <span class='ocrx_word' id='word_1_491' title='bbox 644 4329 800 4423; x_wconf 78' lang='grc' dir='ltr'><strong><em>’ρόστου</em></strong></span> <span class='ocrx_word' id='word_1_492' title='bbox 821 4330 855 4412; x_wconf 73' lang='lat' dir='ltr'><strong>dc</strong></span> <span class='ocrx_word' id='word_1_493' title='bbox 876 4328 915 4398; x_wconf 93' lang='grc' dir='ltr'><strong>τό</strong></span> <span class='ocrx_word' id='word_1_494' title='bbox 936 4329 1024 4424; x_wconf 78' lang='grc' dir='ltr'><strong><em>ὕδωρ</em></strong></span> <span class='ocrx_word' id='word_1_495' title='bbox 1038 4334 1255 4420; x_wconf 79' lang='grc' dir='ltr'><strong><em>καταδραμεῖν</em></strong></span> <span class='ocrx_word' id='word_1_496' title='bbox 1269 4327 1383 4414; x_wconf 78' lang='grc' dir='ltr'><strong><em>δ’χοιεν,</em></strong></span> <span class='ocrx_word' id='word_1_497' title='bbox 1404 4328 1484 4409; x_wconf 82' lang='grc' dir='ltr'><strong><em>τούς</em></strong></span> <span class='ocrx_word' id='word_1_498' title='bbox 1505 4325 1730 4412; x_wconf 81' lang='grc' dir='ltr'><strong><em>πολεμίους’</em></strong></span> <span class='ocrx_word' id='word_1_499' title='bbox 1707 4324 1988 4418; x_wconf 85' lang='grc' dir='ltr'><strong><em>αυτιπροσαίπους,</em></strong></span> <span class='ocrx_word' id='word_1_500' title='bbox 2009 4316 2095 4393; x_wconf 75' lang='grc' dir='ltr'><strong><em>ἄλλα</em></strong></span> 
     </span>
     <span class='ocr_line' id='line_1_68' title="bbox 249 4427 979 4510; baseline 0.003 -8"><span class='ocrx_word' id='word_1_501' title='bbox 249 4431 308 4504; x_wconf 75' lang='lat' dir='ltr'><strong>oria</strong></span> <span class='ocrx_word' id='word_1_502' title='bbox 330 4431 472 4504; x_wconf 75' lang='grc' dir='ltr'><strong><em>ὄπισθεν</em></strong></span> <span class='ocrx_word' id='word_1_503' title='bbox 494 4434 527 4504; x_wconf 81' lang='grc' dir='ltr'><strong><em>οἱ</em></strong></span> <span class='ocrx_word' id='word_1_504' title='bbox 548 4433 647 4503; x_wconf 88' lang='grc' dir='ltr'><strong><em>ίπποι</em></strong></span> <span class='ocrx_word' id='word_1_505' title='bbox 671 4427 763 4503; x_wconf 83' lang='grc' dir='ltr'><strong><em>οὗτοι</em></strong></span> <span class='ocrx_word' id='word_1_506' title='bbox 786 4433 979 4510; x_wconf 85' lang='grc' dir='ltr'><strong><em>δοκεόοντες.</em></strong></span> 
     </span>
    </p>
   </div>
   <div class='ocr_carea' id='block_1_10' title="bbox 250 4565 2095 4967">
    <p class='ocr_par' dir='ltr' id='par_1_10' title="bbox 250 4565 2095 4967">
     <span class='ocr_line' id='line_1_69' title="bbox 405 4565 2094 4656; baseline -0.004 -20"><span class='ocrx_word' id='word_1_507' title='bbox 405 4571 543 4636; x_wconf 90' lang='lat' dir='ltr'><strong>Plinium</strong></span> <span class='ocrx_word' id='word_1_508' title='bbox 564 4592 604 4636; x_wconf 84' lang='lat' dir='ltr'><strong>ex</strong></span> <span class='ocrx_word' id='word_1_509' title='bbox 618 4571 756 4637; x_wconf 86' lang='lat' dir='ltr'><strong>Romani</strong></span> <span class='ocrx_word' id='word_1_510' title='bbox 777 4571 907 4638; x_wconf 89' lang='lat' dir='ltr'><strong>alicuius</strong></span> <span class='ocrx_word' id='word_1_511' title='bbox 926 4571 1085 4656; x_wconf 88' lang='lat' dir='ltr'><strong>scriptoris</strong></span> <span class='ocrx_word' id='word_1_512' title='bbox 1106 4571 1186 4638; x_wconf 94' lang='lat' dir='ltr'><strong>libro</strong></span> <span class='ocrx_word' id='word_1_513' title='bbox 1206 4569 1447 4654; x_wconf 83' lang='lat' dir='ltr'><strong>descriptionem</strong></span> <span class='ocrx_word' id='word_1_514' title='bbox 1461 4567 1608 4633; x_wconf 84' lang='lat' dir='ltr'><strong>crocodili</strong></span> <span class='ocrx_word' id='word_1_515' title='bbox 1629 4567 1825 4633; x_wconf 79' lang='lat' dir='ltr'><strong>transtulisse</strong></span> <span class='ocrx_word' id='word_1_516' title='bbox 1847 4566 1940 4631; x_wconf 84' lang='lat' dir='ltr'><strong>etiam</strong></span> <span class='ocrx_word' id='word_1_517' title='bbox 1959 4565 2033 4649; x_wconf 73' lang='lat'><strong>§91</strong></span> <span class='ocrx_word' id='word_1_518' title='bbox 2050 4587 2094 4649; x_wconf 91' lang='lat' dir='ltr'><strong>sq.</strong></span> 
     </span>
     <span class='ocr_line' id='line_1_70' title="bbox 251 4669 2093 4768; baseline -0.002 -31"><span class='ocrx_word' id='word_1_519' title='bbox 251 4673 491 4740; x_wconf 87' lang='lat' dir='ltr'><strong>demonstratur.</strong></span> <span class='ocrx_word' id='word_1_520' title='bbox 534 4674 586 4739; x_wconf 93' lang='lat' dir='ltr'><strong>Ibi</strong></span> <span class='ocrx_word' id='word_1_521' title='bbox 608 4675 691 4740; x_wconf 91' lang='lat' dir='ltr'><strong>enim</strong></span> <span class='ocrx_word' id='word_1_522' title='bbox 713 4675 877 4741; x_wconf 87' lang='lat' dir='ltr'><strong>audaciam</strong></span> <span class='ocrx_word' id='word_1_523' title='bbox 898 4681 932 4740; x_wconf 90' lang='lat' dir='ltr'><strong>ct</strong></span> <span class='ocrx_word' id='word_1_524' title='bbox 951 4675 1109 4760; x_wconf 81' lang='lat' dir='ltr'><strong>ignaviam</strong></span> <span class='ocrx_word' id='word_1_525' title='bbox 1132 4673 1356 4740; x_wconf 88' lang='lat' dir='ltr'><strong>crocodilorum</strong></span> <span class='ocrx_word' id='word_1_526' title='bbox 1377 4677 1488 4738; x_wconf 90' lang='lat' dir='ltr'><strong>auctor</strong></span> <span class='ocrx_word' id='word_1_527' title='bbox 1502 4677 1607 4737; x_wconf 82' lang='lat' dir='ltr'><strong>noster</strong></span> <span class='ocrx_word' id='word_1_528' title='bbox 1620 4670 1684 4736; x_wconf 85' lang='lat' dir='ltr'><strong>iare</strong></span> <span class='ocrx_word' id='word_1_529' title='bbox 1700 4669 1810 4735; x_wconf 86' lang='lat' dir='ltr'><strong>iisdem</strong></span> <span class='ocrx_word' id='word_1_530' title='bbox 1825 4669 1925 4768; x_wconf 59' lang='lat' dir='ltr'><strong>verbis</strong></span> <span class='ocrx_word' id='word_1_531' title='bbox 1941 4669 2093 4750; x_wconf 64' lang='lat' dir='ltr'><strong>describit,</strong></span> 
     </span>
     <span class='ocr_line' id='line_1_71' title="bbox 251 4775 2094 4862; baseline -0.002 -21"><span class='ocrx_word' id='word_1_532' title='bbox 251 4775 365 4858; x_wconf 91' lang='lat' dir='ltr'><strong>quibus</strong></span> <span class='ocrx_word' id='word_1_533' title='bbox 393 4775 515 4844; x_wconf 86' lang='lat' dir='ltr'><strong>Seneca</strong></span> <span class='ocrx_word' id='word_1_534' title='bbox 539 4786 659 4862; x_wconf 82' lang='lat' dir='ltr'><strong>quaest.</strong></span> <span class='ocrx_word' id='word_1_535' title='bbox 684 4785 749 4844; x_wconf 83' lang='lat' dir='ltr'><strong>nat</strong></span> <span class='ocrx_word' id='word_1_536' title='bbox 778 4777 838 4860; x_wconf 85' lang='lat' dir='ltr'><strong>IV,</strong></span> <span class='ocrx_word' id='word_1_537' title='bbox 860 4782 890 4861; x_wconf 79' lang='lat'><strong>2,</strong></span> <span class='ocrx_word' id='word_1_538' title='bbox 919 4781 967 4844; x_wconf 92' lang='grc'><strong>15.</strong></span> <span class='ocrx_word' id='word_1_539' title='bbox 1012 4777 1181 4862; x_wconf 84' lang='lat' dir='ltr'><strong>Postquam</strong></span> <span class='ocrx_word' id='word_1_540' title='bbox 1209 4777 1293 4842; x_wconf 90' lang='lat' dir='ltr'><strong>enim</strong></span> <span class='ocrx_word' id='word_1_541' title='bbox 1320 4775 1371 4840; x_wconf 92' lang='lat' dir='ltr'><strong>hic</strong></span> <span class='ocrx_word' id='word_1_542' title='bbox 1398 4775 1527 4841; x_wconf 85' lang='lat' dir='ltr'><strong>Balbilli</strong></span> <span class='ocrx_word' id='word_1_543' title='bbox 1555 4775 1772 4840; x_wconf 86' lang='lat' dir='ltr'><strong>auctoritatem</strong></span> <span class='ocrx_word' id='word_1_544' title='bbox 1801 4781 1926 4840; x_wconf 87' lang='lat' dir='ltr'><strong>secutus</strong></span> <span class='ocrx_word' id='word_1_545' title='bbox 1956 4793 2094 4858; x_wconf 81' lang='lat' dir='ltr'><strong>pugnam</strong></span> 
     </span>
     <span class='ocr_line' id='line_1_72' title="bbox 250 4880 2095 4967; baseline 0.001 -21"><span class='ocrx_word' id='word_1_546' title='bbox 250 4880 474 4946; x_wconf 89' lang='lat' dir='ltr'><strong>crocodilorum</strong></span> <span class='ocrx_word' id='word_1_547' title='bbox 502 4903 574 4948; x_wconf 86' lang='lat' dir='ltr'><strong>curn</strong></span> <span class='ocrx_word' id='word_1_548' title='bbox 603 4881 758 4967; x_wconf 89' lang='lat' dir='ltr'><strong>delphinis</strong></span> <span class='ocrx_word' id='word_1_549' title='bbox 789 4883 900 4949; x_wconf 85' lang='lat' dir='ltr'><strong>eodem</strong></span> <span class='ocrx_word' id='word_1_550' title='bbox 929 4881 1022 4948; x_wconf 90' lang='lat' dir='ltr'><strong>modo</strong></span> <span class='ocrx_word' id='word_1_551' title='bbox 1049 4903 1112 4965; x_wconf 91' lang='lat' dir='ltr'><strong>quo</strong></span> <span class='ocrx_word' id='word_1_552' title='bbox 1136 4880 1254 4946; x_wconf 90' lang='lat' dir='ltr'><strong>Plinius</strong></span> <span class='ocrx_word' id='word_1_553' title='bbox 1281 4881 1427 4962; x_wconf 74' lang='lat' dir='ltr'><strong>narravit,</strong></span> <span class='ocrx_word' id='word_1_554' title='bbox 1455 4881 1496 4947; x_wconf 92' lang='lat' dir='ltr'><strong>ab</strong></span> <span class='ocrx_word' id='word_1_555' title='bbox 1519 4902 1556 4947; x_wconf 91' lang='lat' dir='ltr'><strong>eo</strong></span> <span class='ocrx_word' id='word_1_556' title='bbox 1577 4881 1750 4947; x_wconf 90' lang='lat' dir='ltr'><strong>crocodilus</strong></span> <span class='ocrx_word' id='word_1_557' title='bbox 1772 4881 1889 4946; x_wconf 89' lang='lat' dir='ltr'><strong>animal</strong></span> <span class='ocrx_word' id='word_1_558' title='bbox 1916 4883 2095 4947; x_wconf 87' lang='lat' dir='ltr'><strong>nominatur</strong></span> 
     </span>
    </p>
   </div>
   <div class='ocr_carea' id='block_1_11' title="bbox 0 0 2324 5812">
    <p class='ocr_par' dir='ltr' id='par_1_11' title="bbox 0 0 2324 5812">
     <span class='ocr_line' id='line_1_73' title="bbox 0 0 2324 5812; baseline 0 0"><span class='ocrx_word' id='word_1_559' title='bbox 0 0 2324 5812; x_wconf 95' lang='lat' dir='ltr'><strong> </strong></span> 
     </span>
    </p>
   </div>
  </div>
 </body>
</html>
