4626 5816
1129 405 1169 469 13

221 613 350 680 Aeliani
378 611 527 677 librorum
549 607 620 678 VII
642 615 675 674 et
695 607 785 676 VIH
807 631 878 674 cum
899 608 995 674 Plinii
1018 612 1197 677 narratione
1219 616 1405 694 congruunt,
1436 609 1492 675 sad
1514 611 1577 674 iam
1604 631 1642 674 cx
1664 611 1710 676 eis
1733 631 1813 693 quos
1844 611 1972 694 ascripsi
1995 610 2071 678 locis

220 717 324 800 colligi
346 736 473 780 necesse
496 719 545 779 ost
565 713 731 778 Aelianum
754 718 785 777 et
807 710 1010 778 Plutarchum
1032 715 1167 780 auctoris
1189 715 1267 780 libro
1291 733 1363 780 usos
1385 733 1464 792 esse,
1486 713 1537 778 cui
1559 713 1697 778 maxima
1718 713 1888 779 similitudo
1911 722 1979 780 erat
2000 737 2071 780 eum

221 823 310 900 libro,
331 840 423 904 quem
446 818 564 883 Plinius
587 817 628 882 ad
650 815 764 882 librum
788 815 877 884 VIII
899 817 1156 884 conscribendum
1179 819 1330 884 adhibuit

376 954 442 1023 Sed
471 962 507 1022 ut
534 977 767 1040 cognoscamus,
801 956 871 1040 quis
898 962 1008 1022 auctor
1028 956 1095 1022 eius
1116 957 1218 1039 inerit,
1243 975 1371 1022 necesse
1393 962 1441 1021 est
1468 976 1526 1020 nos
1547 955 1736 1039 perscrutari
1763 975 1827 1038 quo
1854 961 1992 1042 tompore
2016 980 2071 1024 eae

224 1061 419 1127 narrationes
441 1066 528 1125 ortae
551 1060 622 1141 sint,
644 1081 723 1143 quas
737 1059 860 1124 Plinius
882 1059 922 1124 de
944 1058 1004 1124 lide
1028 1045 1160 1144 aliisque
1176 1061 1341 1127 virtutibus
1364 1081 1476 1125 canum
1499 1067 1532 1126 et
1552 1081 1702 1143 equorum
1717 1065 1833 1125 namet.
1879 1061 1931 1125 De
1952 1061 2071 1146 origine

223 1165 349 1248 quidem
372 1184 485 1231 canum
508 1162 629 1229 Plinius
653 1166 672 1246 ξ
697 1163 758 1227 148
781 1162 890 1227 eadem
912 1162 1006 1228 refert
1028 1183 1109 1246 quae
1132 1165 1217 1230 Arist
1247 1164 1277 1229 h.
1301 1187 1328 1229 a
1350 1165 1379 1244 8
1402 1165 1444 1228 28
1466 1187 1495 1248 p.
1518 1165 1581 1229 607
1604 1164 1639 1227 A.
1662 1165 1682 1227 3
1705 1168 1737 1228 et
1758 1162 1908 1228 Aelianus
1924 1163 2017 1244 VIII,
2042 1167 2070 1244 1,

223 1268 278 1335 sed
304 1267 355 1332 hic
382 1266 490 1332 scribit
512 1265 724 1331 Alexandrum
754 1264 899 1346 doluisse,
926 1266 1011 1350 quod
1032 1267 1111 1348 cani,
1139 1267 1192 1350 qui
1218 1289 1324 1333 morsu
1345 1267 1556 1333 adversarium
1583 1267 1704 1351 pressit,
1737 1268 1843 1332 omnia
1870 1267 2009 1333 membra
2031 1268 2071 1333 ab

225 1371 305 1437 Iudo
327 1370 480 1456 paulatim
503 1369 727 1450 deciderentur,
756 1369 856 1434 donec
877 1369 1099 1465 occidissetu
1100 1371 1289 1436 tt'oonstan
1281 1393 1312 1434 ra
1333 1379 1365 1435 et
1386 1371 1548 1455 pugnandi
1571 1370 1725 1455 cupiditas
1753 1369 1871 1436 bestiae
1900 1370 2072 1455 patefieret,

222 1475 339 1541 Indum
363 1480 476 1556 autem,
499 1482 534 1539 ut
555 1495 659 1557 regem
681 1473 902 1554 consolaretur,
924 1474 951 1537 ei
974 1433 1151 1558 promisisse
1173 1496 1207 1539 se
1229 1479 1378 1558 quattuor
1399 1474 1477 1539 ahos
1492 1474 1631 1539 eiusdem
1654 1475 1775 1558 generis
1798 1475 1862 1558 regi
1883 1474 1966 1540 dono
1981 1474 2072 1540 datu·

223 1601 293 1644 rum
317 1599 394 1644 esse.
432 1576 523 1662 Quae
545 1577 683 1642 narratio
706 1577 746 1642 ab
769 1576 946 1643 Onesicrito
968 1577 1086 1642 tradita
1107 1599 1174 1642 esse
1196 1577 1326 1658 videtur,
1347 1584 1384 1643 ιιι
1405 1599 1443 1643 ex
1466 1576 1622 1644 Strabone
1639 1577 1717 1658 XV,
1732 1578 1772 1642 31
1795 1575 1831 1644 Ο.
1847 1579 1911 1644 700
1933 1584 2072 1662 apparet,

224 1683 278 1767 qui
306 1701 411 1765 regem
442 1681 594 1746 Indorum
628 1680 710 1745 idem
738 1681 971 1764 promittentem
1000 1679 1083 1762 iacit,
1112 1679 1196 1764 quod
1218 1680 1383 1746 Aelianus:
1417 1682 1468 1748 ὅτι
1497 1683 1651 1773 τέτταρας
1679 1679 1844 1750 ἀντιδώσω
1874 1707 1933 1750 σοι.
1981 1681 2073 1766 Apud

224 1786 359 1850 Plinium
389 1805 444 1850 rex
465 1783 619 1848 Albaniae
652 1804 763 1848 canem
795 1783 931 1866 ingentis
964 1783 1188 1868 magnitudinis
1215 1785 1298 1850 misit
1325 1791 1358 1848 et
1382 1784 1420 1864 ei,
1454 1806 1522 1849 cum
1553 1792 1698 1850 naturam
1731 1791 1764 1849 et
1789 1783 1925 1850 indolem
1953 1785 2072 1850 bestiae

225 1911 335 1974 parum
357 1888 563 1953 intellexisset
584 1893 616 1951 et
638 1907 718 1966 eam,
741 1884 825 1968 quod
846 1887 961 1970 ignava
981 1893 1015 1952 et
1037 1888 1127 1972 pigra
1149 1909 1216 1954 esse
1239 1889 1268 1953 ei
1290 1887 1461 1968 videbatur,
1485 1887 1614 1954 interfici
1637 1889 1783 1969 iussisset,
1806 1888 1936 1954 alterum
1961 1909 2070 1952 canem

223 1993 351 2059 donavit
379 1993 486 2058 dicens
519 2013 577 2068 ‚pre
599 1993 633 2054 iu
651 1991 762 2077 parcis
783 1993 916 2077 ceperdra'
942 1991 1026 2056 vellet
1047 1993 1153 2056 sedin
1175 1991 1256 2056 leone
1284 1991 1479 2078 elephantem.
1515 1993 1589 2056 duos
1610 1993 1669 2056 eibi
1683 1995 1792 2078 faisse,
1820 1991 1873 2056 boc
1894 1995 2072 2080 interempto

218 2109 377 2183 praetem
399 2093 517 2160 uallum
532 2096 638 2181 fore.“
681 2093 775 2158 Plinii
804 2095 951 2176 narratio,
983 2095 1067 2179 quod
1095 2094 1261 2159 Albaniam
1291 2101 1521 2176 commemorat,
1554 2117 1593 2160 ea
1623 2096 1747 2160 demum
1777 2101 1879 2160 aetate
1906 2101 1976 2160 orta
2005 2117 2072 2162 esse

224 2202 354 2281 videtur,
380 2221 445 2283 qua
466 2199 611 2279 Romani,
638 2205 804 2283 postquam
827 2199 993 2283 Pompeius
1014 2199 1097 2265 bello
1118 2197 1334 2264 Mithridatico
1356 2219 1426 2263 eam
1448 2205 1563 2264 terram
1587 2200 1785 2282 expugnarit,
1813 2220 1883 2264 eam
1912 2207 2071 2264 noverant

225 2306 298 2371 Hoc
326 2304 521 2370 verisimilius
547 2302 590 2382 fit,
618 2303 644 2368 si
672 2302 796 2369 Plinius
827 2305 860 2368 in
887 2303 1017 2369 historia
1043 2303 1083 2368 de
1114 2302 1223 2370 (laelio
1249 2310 1393 2367 senatore
1425 2305 1444 2386 S
1474 2304 1535 2366 144
1562 2302 1694 2367 eundem
1722 2301 1840 2366 fontem
1867 2301 1946 2366 adiit
1978 2309 2072 2386 atque

224 2408 296 2474 Ael.
319 2407 398 2489 VII,
421 2411 462 2474 10
484 2413 516 2474 et
538 2407 619 2472 Plut
644 2409 692 2487 13,
716 2409 744 2488 7,
766 2408 823 2474 etei
846 2409 874 2472 ei
896 2409 996 2473 virum
1020 2405 1152 2474 Calvum
1176 2407 1348 2471 nominant
1391 2404 1476 2470 Nam
1499 2407 1565 2470 eius
1591 2426 1714 2488 quoque
1731 2405 1884 2470 'historiae
1912 2414 2073 2472 auctorem

224 2520 295 2597 post
316 2512 433 2577 bellum
455 2513 535 2577 inter
556 2510 676 2576 Sullam
698 2517 731 2576 et
753 2510 888 2578 Oiunam
910 2517 1032 2594 gestum
1055 2511 1166 2576 vixisse
1189 2532 1227 2575 ex
1242 2508 1314 2577 Val.
1329 2508 1471 2575 Maximo
1486 2509 1545 2590 IV,
1569 2511 1633 2590 7‚5
1655 2510 1764 2574 elucet
1807 2507 2072 2575 Narratiuuculae

224 2638 347 2702 quoque
371 2615 492 2680 Aeliani
514 2613 612 2695 VIII,
634 2617 656 2678 4
677 2620 710 2679 et
731 2613 888 2680 Plutarchi
911 2617 962 2696 23,
985 2617 1002 2680 7
1027 2616 1068 2681 ad
1090 2614 1173 2681 idem
1193 2613 1257 2678 fere
1279 2620 1402 2698 tempus
1429 2612 1623 2678 revocandae
1650 2619 1731 2694 sunt,
1759 2620 1792 2677 et
1812 2610 1985 2694 Volcatius,
2019 2615 2073 2697 qui

226 2719 416 2788 Cascellium
439 2719 486 2784 ius
508 2718 597 2783 civile
620 2718 733 2798 docuit,
755 2739 775 2782 a
796 2719 901 2784 Phuio
923 2721 942 2802 5
968 2721 1028 2784 144
1051 2725 1318 2799 commemoratus,
1341 2717 1450 2783 eodem
1473 2725 1611 2801 tempore
1633 2717 1716 2781 vixit

380 2855 607 2924 Perlustrantes
630 2878 702 2923 vero
730 2857 796 2922 eius
823 2857 936 2922 aetatis
965 2865 1106 2923 auctores
1128 2855 1297 2938 Romanos,
1324 2877 1401 2940 quos
1424 2853 1545 2922 Plinius
1572 2856 1605 2920 in
1628 2855 1729 2920 indice
1751 2854 1821 2919 libri
1844 2853 1933 2922 VIII
1955 2855 2073 2936 laudat,

228 2961 401 3028 Varronem
425 2961 525 3026 solnm
555 2981 622 3028 esse
644 2960 824 3042 videbimus,
851 2982 943 3044 quem
967 2967 1091 3028 secutus
1118 2982 1185 3026 esse
1206 2961 1312 3044 possit
1357 2957 1508 3026 Varronis
1535 2964 1640 3024 autem
1666 2957 1752 3023 libris
1779 2979 1851 3024 eum
1879 2979 1969 3024 usum
1997 2979 2073 3037 esse,

226 3085 263 3130 eo
285 3063 512 3148 comprobatur,
534 3065 619 3148 quod
641 3065 758 3131 multae
780 3065 1041 3146 narratiunculae,
1062 3085 1141 3149 quas
1163 3063 1248 3148 apud
1262 3063 1400 3127 Plinium
1422 3061 1571 3127 hocloco
1593 3067 1626 3127 et
1647 3062 1716 3128 aliis
1738 3061 1878 3145 legimus,
1902 3061 1980 3126 adeo
2002 3083 2073 3127 cum

227 3168 349 3234 Aeliani
371 3167 450 3233 libro
474 3167 518 3232 VI
540 3170 746 3249 consentiunt,
768 3176 804 3235 ut
825 3169 1035 3254 colligendum
1058 3169 1098 3235 sit
1119 3188 1174 3232 eas
1195 3188 1234 3232 ex
1254 3187 1319 3230 uuo
1339 3165 1425 3231 iente
1447 3164 1579 3230 fluxisse.

382 3305 436 3370 De
458 3305 629 3372 calliditate
651 3306 761 3390 vulpis,
783 3328 864 3390 quae
886 3307 920 3371 in
942 3305 1079 3374 'Phracia
1100 3305 1336 3372 crassitudinem
1357 3305 1468 3389 glaciei
1492 3303 1639 3388 exploret,
1662 3303 1740 3368 Pliu
1767 3305 1836 3385 103,
1859 3303 1925 3369 Ael.
1941 3303 2000 3386 VI,
2023 3306 2074 3384 24,

230 3410 313 3475 Plnt
338 3412 386 3492 13,
408 3411 428 3472 2
450 3417 641 3474 narrantes
662 3431 742 3493 quae
765 3410 826 3474 iam
849 3417 944 3476 autea
966 3419 1007 3496 (ρ.
1029 3413 1061 3492 6(
1085 3411 1185 3476 attuli.

283 3647 320 3712 Pl
380 3545 539 3629 Sequente
562 3547 664 3632 capite
681 3549 744 3629 (25)
760 3547 909 3614 Aelianus
931 3549 1014 3614 idem
1036 3550 1130 3615 refert
1151 3548 1190 3614 de
1213 3568 1290 3613 cane
1315 3545 1491 3632 Lysimachi
1513 3545 1597 3629 quod
1617 3544 1699 3610 Plin.
1716 3547 1778 3610 143
1800 3544 1922 3610 Duride
1945 3545 2074 3610 laudato

229 3653 263 3714 et
319 3655 363 3712 ut
388 3651 436 3730 14,
458 3651 492 3715 2:

268 3767 418 3835 Plin:1s
433 3792 516 3854 vero,
536 3773 585 3837 cui
706 3772 796 3838 Ael:
819 3771 1072 3862 καὶΛνσιμόχῳ
1192 3769 1295 3836 Plut:
1267 3772 1406 3841 t‘Odi
1428 3775 1482 3840 καὶ
1505 3770 1590 3862 πρός
1574 3799 1646 3846 τα
1661 3779 1796 3862 χερσαῖα
1812 3769 1957 3858 τῷλόγῳ
1972 3767 2074 3858 τοότῳ

227 3893 341 3938 nomen
359 3871 501 3958 Hyrcani
517 3875 585 3940 red·
663 3877 700 3946 dd
735 3877 783 3997 cpi
818 3883 945 3962 βασιλεῖ
989 3877 1072 3948 κύων
1149 3875 1321 3967 χριόμενος,
1336 3875 1460 3964 α’πηνὴς
1474 3878 1528 3944 καὶ
1544 3864 1741 3967 θηριώδης·
1756 3903 1774 3939 ²³
1760 3873 2075 3964 ’όμηὸὲΛυῦῑμαιφ

229 3975 275 4041 dit
309 3977 413 4042 Daris
454 4000 585 4045 accenso
662 3985 770 4051 κοινοῦ
790 4009 849 4050 τον
838 3983 1005 4058 τέλουςι
992 3973 1072 4052 εκαόν
1147 4008 1182 4050 τι
1202 3981 1361 4106 γεγονέναι
1384 4005 1481 4072 φησει
1503 3968 1585 4070 πρός
1605 3968 1661 4048 τόν
1682 3968 1759 4048 κόνα
1782 3980 1836 4048 τόν
1850 3977 2001 4106 Ὑρκανόν
2023 3980 2074 4046 di-

229 4101 310 4164 regis
320 4082 498 4168 Lysimachi
510 4104 585 4168 rogo
663 4085 820 4172 μετέλαβε
843 4093 990 4174 σωθῆναι
1014 4088 1071 4154 dv·
1148 4112 1241 4153 καιον
1243 4111 1299 4164 ος
1309 4113 1408 4177 νεκρῳ
1422 4111 1456 4153 τε
1470 4083 1566 4170 μόνος
1577 4088 1769 4212 παρέμεινεν
1784 4080 1874 4196 unicui
1888 4087 1941 4152 xci
1959 4083 2075 4168 καομέ-

230 4182 335 4250 iniecit
355 4209 388 4252 se
411 4186 564 4252 flammae.
663 4184 807 4274 νάματος.
1148 4215 1206 4257 νου
1221 4197 1282 4257 τοῦ
1293 4188 1449 4274 σώματος,
1459 4185 1679 4279 ἐνόραμών’
1637 4186 1737 4268 αυτὸς
1748 4177 1865 4256 ἑαυτόν
1881 4187 2074 4280 ἐπέρριψεν.

381 4325 422 4390 In
444 4325 554 4391 eodem
570 4325 692 4392 Aeliani
714 4328 815 4411 capite
838 4327 877 4392 de
900 4326 1058 4392 Silanionc
1080 4325 1217 4409 quodam
1240 4327 1323 4393 idem
1345 4327 1479 4392 traditur
1500 4327 1583 4411 quod
1598 4327 1720 4394 Plinius
1735 4325 1830 4411 paulo
1846 4332 1919 4391 ante
1943 4325 2019 4408 (1.1.)
2035 4325 2074 4391 de

229 4425 346 4492 Jasoue
368 4425 464 4512 Lycio
486 4429 602 4510 scribit,
627 4430 674 4495 ita
695 4436 732 4496 ut
753 4451 856 4496 errare
884 4431 960 4496 mihi
982 4453 1046 4497 nou
1068 4429 1183 4511 videar,
1210 4431 1236 4496 si
1258 4431 1377 4496 conicio
1404 4439 1571 4514 utrumque
1597 4431 1777 4516 scriptorem
1807 4429 2075 4495 narratiunculam

231 4529 328 4595 eidem
352 4529 431 4596 fonti
453 4531 565 4598 debere
586 4539 619 4598 ct
639 4534 709 4600 loeo
730 4534 876 4600 Pliniano
898 4556 989 4600 voces
1011 4533 1146 4611 „Jueone
1166 4535 1284 4622 Lycio“
1306 4537 1338 4600 in
1360 4556 1467 4601 vocem
1490 4533 1692 4610 „Sihinioaffi
1714 4557 1781 4600 esse
1805 4534 2031 4600 emendandas:

294 4666 396 4732 Plin:
434 4669 521 4734 canis
543 4669 661 4736 Jasone
682 4670 778 4755 Lycio
798 4671 960 4738 interiecto
1094 4672 1181 4738 Ael:
1219 4729 1226 4744 .
1251 4729 1258 4743 .
1283 4729 1290 4743 .
1313 4678 1366 4742 καὶ
1389 4665 1619 4750 tamtam
1640 4677 1694 4744 καὶ
1717 4676 1835 4748 ἐκεῖνος
1859 4679 1905 4761 τῷ
1927 4667 2074 4762 δεσπότῃ

230 4766 332 4834 cibum
354 4791 464 4855 capere
486 4773 587 4840 uoluit
612 4773 777 4858 inediaque
800 4795 963 4859 consump·
1050 4781 1102 4860 (se
1124 4777 1341 4858 ouantem),
1368 4781 1421 4847 καὶ
1444 4775 1522 4848 oilae
1543 4780 1627 4871 πρός
1647 4779 1725 4864 βίαν
1747 4777 1824 4846 τότε
1846 4767 1902 4846 σόν
1923 4779 2076 4866 κολακείᾳ

229 4879 280 4938 tus
302 4879 358 4938 est
1054 4878 1180 4968 ἀπέστη
1201 4886 1265 4950 τοῦ
1285 4876 1402 4968 τάφον.
